2730 4816
587 379 773 440 ..4.-

133 566 170 622 ut
190 578 253 622 oon
274 562 413 640 sicopolis
430 567 554 622 tontum
572 561 751 622 bominibus
768 561 827 621 red
844 565 918 622 totio
935 565 1097 639 impertiat
1116 565 1238 626 rebm-

128 670 265 746 pnblieis
285 671 461 732 recondam
482 670 685 731 Aristotelem
707 674 803 749 quasi
814 675 910 750 (inem
923 675 1120 750 propositum
1137 673 1240 734 tutet

131 761 153 857 ἦ
183 762 344 857 πολιτική.
368 762 512 853 δύναμις.
568 774 662 853 Quae
694 776 831 838 facultas
844 780 870 850 ¹)
902 775 1048 839 laudatur
1079 786 1235 861 tanquam

131 885 242 964 regina
258 890 290 942 et
305 880 479 945 architecta
495 884 622 943 aliorum
639 886 774 945 omnium
789 882 974 945 facultatum
989 872 1028 967 (ἡ
1047 873 1236 971 κυριωτάτη

128 983 180 1048 καὶ
197 975 341 1067 μάλιστα
354 976 605 1072 ἅρχιτεκτοιική.
622 989 692 1050 utu.
704 990 778 1050 Nic.
788 991 811 1049 l.
825 990 879 1067 1.),
891 991 1038 1070 quoniam
1051 1011 1112 1054 nou
1126 992 1236 1056 solum

128 1097 293 1179 praecipit,
316 1097 433 1179 quibus
455 1096 628 1179 disciplinis
648 1097 677 1158 io
694 1097 876 1159 civitatibus
893 1116 973 1179 opus
989 1100 1043 1181 sit,
1066 1108 1099 1161 ct
1118 1102 1235 1182 quales

130 1204 308 1286 quibusque
331 1203 505 1267 discendae
526 1217 559 1268 et
580 1203 766 1288 quousque,
796 1203 854 1267 scd
886 1208 983 1268 etiam
1013 1226 1123 1271 omues
1149 1210 1236 1272 alins

129 1314 303 1376 facultates
330 1316 410 1377 infra
438 1334 476 1378 sc
497 1316 620 1397 positas
641 1323 727 1376 tenet
750 1334 926 1396 omnesque
946 1335 1026 1399 quae
1048 1313 1234 1401 πρακτικαὶ

128 1422 327 1484 nominantur
357 1421 498 1482 continet
525 1421 685 1483 doctrinas
694 1425 733 1495 Ω).
784 1422 833 1483 Dc
854 1422 917 1483 hac
948 1425 1044 1504 igitur
1074 1420 1236 1510 πολιτικῇ

127 1529 291 1612 facultate,
313 1530 364 1592 cui
387 1536 477 1612 quasi
499 1530 569 1594 fluis
592 1533 785 1612 propositum
807 1543 858 1595 est
873 1530 902 1596 τ’
917 1522 1128 1619 ἀνθρώπινοι
1142 1524 1231 1617 α’γα-

126 1625 230 1720 sim)
253 1640 271 1700 i.
293 1659 321 1701 e.
345 1641 529 1701 uuiversum
554 1641 667 1702 bonum
692 1641 879 1722 humanum,
901 1643 1042 1706 scribere
1063 1646 1232 1709 coustituit

131 1750 324 1811 Aristotcles
353 1737 522 1834 πολιτικὴν
553 1743 826 1834 πραγματείαιθ.
882 1753 952 1813 Ηοα
985 1753 1066 1813 enim
1099 1755 1230 1816 nominc

127 1875 190 1916 non
214 1855 349 1918 Politian
372 1856 474 1916 solum
497 1855 732 1938 significantur,
744 1855 803 1917 sed
820 1857 914 1918 etiam
930 1855 1054 1917 Ethico.
1067 1856 1108 1918 cl.
1126 1839 1228 1919 libet.

128 1965 154 2024 l.
173 1962 203 2024 2.
225 1950 247 2046 ἦ
266 1957 346 2046 περὶ
365 1951 407 2024 ταὶ
428 1953 497 2048 ἤθη
520 1959 737 2050 πραγματεία,
758 1954 799 2051 ἢν
818 1954 944 2030 δίκαιόν
966 1961 1037 2029 ἐστι
1057 1984 1232 2052 προσαγο-

126 2059 234 2156 ρεύειν
254 2059 431 2157 πολιτικήν.
482 2075 523 2135 tot
552 2077 597 2137 ita
623 2073 746 2155 quidem
777 2076 860 2140 bauo
881 2063 1066 2159 πολιτικήν
1081 2079 1234 2141 conscri-

125 2179 201 2242 bere
227 2179 343 2259 voluit,
376 2187 409 2240 ut
436 2198 506 2242 cam
537 2199 575 2243 sc
604 2182 781 2245 tradentem
804 2184 963 2265 cogitaret
984 2184 1099 2245 talibus
1122 2183 1230 2248 disci-

125 2292 220 2375 pulis,
245 2292 297 2374 qui
319 2290 381 2354 iam
409 2291 510 2354 adulti
539 2301 571 2356 et
598 2292 722 2356 educati
750 2295 794 2357 ita
822 2304 951 2375 essent,
981 2303 1014 2357 ut
1042 2296 1231 2376 voluptates

128 2396 350 2479 repudiarent,
379 2398 495 2479 quique
517 2398 578 2460 iam
601 2399 804 2461 mediocriter
825 2409 937 2462 esseut
958 2401 989 2461 in
1013 2400 1079 2463 vita
1101 2406 1231 2467 versati

127 2516 160 2568 et
178 2509 210 2568 iu
233 2504 402 2587 republica.
432 2507 481 2567 lta
502 2506 584 2566 enim
609 2502 759 2567 affectum
781 2505 969 2588 discipulum
991 2508 1102 2571 borum
1126 2510 1230 2574 libro·

127 2635 194 2678 rum
218 2615 414 2677 institutione
443 2614 632 2675 exstiturum
659 2613 785 2695 putavit
812 2611 885 2674 κατ’
908 2602 1072 2699 ἀλήθειαν
1092 2613 1230 2680 πολιτι-

126 2710 229 2804 nom),
252 2723 305 2805 qui
326 2728 428 2784 artem
450 2707 620 2804 πολιτικήν
634 2741 696 2784 non
713 2723 875 2805 cognitam
890 2723 1022 2786 baberet
1037 2725 1138 2788 solum
1159 2727 1229 2807 sad·

126 2834 289 2896 factitaret
314 2833 411 2896 etiam
434 2831 662 2916 adiuvsrctque
683 2839 782 2894 totam
802 2831 1047 2914 rempublicam,
1076 2844 1111 2897 ut
1138 2830 1232 2915 item,

126 2941 243 3006 bonum
264 2939 505 3024 adipisceretur.
549 2943 599 3005 Ac
621 2939 661 3003 dc
684 2943 783 3004 totius
805 2943 910 3022 opcris
925 2943 1058 3005 consilio
1075 2943 1234 3021 diximus,

124 3101 426 3116 Ἤ

146 3193 179 3260 1)
198 3197 316 3247 Verbum
341 3190 446 3261 δύναμίς
460 3194 536 3251 ,ἰᾶται
558 3193 710 3260 siguificat,
732 3196 802 3258 quod
820 3192 947 3263 Latinum
965 3191 1094 3243 facultas.
1112 3191 1146 3242 cl.
1165 3191 1228 3244 cic.

195 3289 292 3340 oetnv.
303 3290 323 3339 l.
333 3292 361 3340 t.
378 3288 439 3355 Quo
457 3290 519 3341 loeo
539 3286 835 3355 „oratorlatncultas“
852 3287 920 3336 idem
936 3285 1022 3352 valet,
1036 3287 1107 3350 quot
1118 3286 1236 3347 crocea*

193 3376 297 3446 δύναμις
330 3380 449 3450 ῥητορική.
467 3386 502 3434 Ut
519 3379 627 3447 δύναμιν
645 3381 757 3443 Graeci,
774 3379 814 3429 tta
831 3380 920 3430 battnl
943 3379 967 3429 cl
991 3379 1146 3430 facultatem
1169 3380 1228 3429 alt-

192 3472 270 3524 culos
292 3472 332 3522 ret
357 3485 415 3523 esse
439 3473 547 3538 dicunt,
569 3474 615 3538 qut
638 3485 694 3522 eam
718 3474 809 3522 lacere
833 3475 925 3534 potest
949 3471 992 3521 vel
1011 3471 1129 3522 laculter
1147 3472 1226 3525 facit.

192 3565 292 3615 Eadem
311 3563 354 3612 vts
372 3566 456 3616 verbo
481 3566 584 3628 utrique
605 3546 716 3630 subest,
742 3579 812 3630 quae
835 3567 954 3620 nostris:
980 3569 1034 3617 Das
1058 3567 1226 3632 Vermbgcn,

168 3644 170 3649 ’
193 3655 457 3722 (ΙΙαΕᾰΙιΙεΙιεΙι,ᾱατ
473 3652 759 3720 ιιιΙιὶοΙιιΙνοΚόιιιιιιι,
776 3656 873 3721 qulbus
891 3658 1052 3722 opponitur:
1070 3656 1112 3707 dle
1123 3653 1226 3720 objet-

192 3748 247 3800 tive
256 3750 356 3814 Itonos,
373 3753 403 3799 nt
417 3748 550 3799 oetentiae
561 3746 636 3814 (dem
648 3743 819 3811 subjekttven
830 3748 969 3815 WtssenJ:
986 3749 1120 3811 coculos,
1139 3749 1226 3798 nisol-

194 3840 270 3903 pllna
287 3839 346 3904 (die
363 3836 502 3905 objektlve
519 3839 745 3904 Wisseusobatt).

144 3927 178 3994 2)
197 3932 257 3983 Etb.
275 3932 335 3983 Nic.
353 3934 374 3984 l.
393 3931 419 3984 1.
617 3933 650 4001 3)
662 3936 728 3986 Ἐιιι
746 3935 808 3986 Nic.
825 3937 859 3986 X.
878 3934 923 3985 to.

143 4020 178 4087 4)
195 4023 255 4074 lton.
272 4023 331 4076 Nlc.
351 4027 371 4076 Ι.
391 4025 424 4090 ¹5
444 4027 478 4076 X.
498 4026 542 4077 to.
716 4025 828 4093 b)1ttb.
845 4027 905 4079 Nic.
924 4026 946 4077 1.
965 4024 1010 4077 ta.

525 4250 829 4266 W
