2730 4816
1252 242 1353 309 r't'··

620 405 828 470 ..40-

176 592 288 670 menti,
312 585 496 671 perpendat.
538 586 698 651 Bonorum
721 589 816 667 euim,
842 589 894 653 vel
915 607 1065 672 agrorum
1087 590 1279 672 potius-aa-

177 702 319 784 qoationi
348 696 488 760 Phaleas
515 695 556 758 ad
586 695 735 758 vitandas
761 695 937 760 seditiones
965 700 1137 762 maximam
1169 700 1280 763 tribuit

173 810 238 871 viru
263 815 296 869 et
318 806 506 870 ell’roaoiarn.
550 805 616 868 Sed
649 822 747 888 quurn
772 822 871 887 agros
897 807 1106 888 aequabiliter
1126 807 1278 873 distribui

175 916 297 980 luberet
309 959 320 996 ,
353 917 382 977 ei
402 916 497 976 etiam
521 913 638 976 oivlum
662 931 814 975 numerus
836 912 1036 977 deliniendos
1056 924 1137 994 erat,
1158 917 1277 1000 logen-

173 1044 236 1108 que
262 1023 388 1086 dandae
409 1021 450 1085 de
479 1022 593 1088 liberis.
644 1024 762 1106 Neque
791 1041 871 1086 vero
901 1022 1094 1086 Aristoteles
1119 1023 1276 1097 bonorum

172 1130 331 1217 quandam
359 1132 634 1214 aequabilitatem
667 1130 708 1193 ad
743 1148 855 1211 paoem
884 1131 1057 1214 pertinere,
1071 1139 1180 1214 negat.
1229 1132 1278 1194 Aa

171 1260 234 1303 uon
259 1238 363 1301 solum
386 1240 467 1300 boua
490 1236 656 1319 aequanda
678 1249 772 1312 sunt,
800 1236 857 1298 sed
882 1237 978 1301 etiam
998 1233 1210 1320 tepiditatem
1241 1237 1274 1303 id

172 1347 258 1431 quod
287 1346 355 1411 fleri
386 1352 494 1431 nequit
516 1349 576 1443 nisi
604 1355 693 1409 recta
723 1327 922 1428 adunatione.
966 1345 1038 1425 Qua
1058 1347 1150 1411 oives
1174 1348 1274 1410 etiam

170 1477 190 1521 a
213 1458 309 1519 nimia
334 1455 463 1518 honoris
485 1453 658 1535 rapiditate
679 1452 862 1534 liberantur,
884 1451 968 1515 unda
992 1455 1110 1517 multae
1131 1457 1274 1522 oriuntur
1355 1512 1360 1531 ,

171 1563 360 1633 discordiae.
405 1562 556 1627 Ceterum
581 1558 742 1623 Phaleaua
762 1559 816 1623 illa
830 1559 958 1644 quidem
976 1562 1051 1644 lege
1071 1571 1273 1631 eastautnm

172 1671 328 1757 prohiberi
351 1670 502 1746 iniurias‚'
518 1686 603 1750 quae
625 1666 800 1729 inserantur
818 1665 860 1729 ad
888 1670 1093 1733 ueoeasarias
1114 1688 1169 1734 ree
1190 1689 1274 1736 oon-

170 1775 361 1861 sequeudas.
417 1768 609 1853 Plerumque
634 1783 742 1832 autem
769 1770 915 1834 bomioea
942 1773 1057 1836 iniusta
1083 1783 1201 1856 agunt,
1236 1787 1274 1841 ut

170 1885 363 1968 cupiditates
380 1881 531 1960 expleant
554 1881 690 1943 omnium
713 1897 816 1941 rerura
831 1880 1033 1944 abundantia.
1076 1881 1202 1961 Quibus
1226 1885 1274 1967 ita

170 1992 358 2076 explicatis,
390 1993 564 2077 legislatori
584 2009 647 2054 uon
668 1990 772 2051 solum
796 1987 966 2057 videndum
988 2008 1064 2053 esse
1084 1991 1170 2077 dioit,
1195 2012 1273 2069 res-

167 2105 294 2188 publioa
310 2112 348 2165 ut
368 2103 454 2165 intus
477 2102 559 2164 berre
579 2100 814 2171 administretur
825 2143 837 2183 ,
870 2100 928 2164 sed
951 2104 1059 2182 etiam,
1081 2113 1116 2179 ut
1138 2105 1273 2181 sortitu.

169 2214 253 2294 dine,
276 2211 439 2293 potentia,
468 2211 571 2291 oopiie
594 2228 651 2290 par
673 2212 715 2273 sit
736 2211 850 2275 vieiuis
876 2212 1076 2276 civitatibus.
1117 2212 1274 2297 Sequitur

168 2321 315 2405 quaestio
336 2319 378 2383 de
397 2318 531 2382 aerario.

683 2468 744 2527 IV·

329 2591 379 2642 De
396 2592 607 2659 ulppodant
627 2597 759 2648 Milesi!
776 2560 931 2653 otrttate
949 2573 1097 2665 optima.

599 2692 767 2815 paee.

157 2856 163 2860 ¹
250 2871 301 2933 De
322 2870 513 2952 Hippodami
531 2858 665 2941 diritate
684 2873 728 2936 ita
757 2872 897 2937 instituta
928 2871 1098 2954 disputatio
1120 2881 1198 2956 est,
1229 2885 1270 2940 ut

166 2986 317 3060 quattuor
336 2981 537 3060 potissimum
558 2978 718 3045 derebus
739 2981 871 3045 dinatur.
922 2982 1066 3062 Quarum
1092 2983 1193 3063 prima
1213 2993 1272 3048 eat

165 3084 285 3149 oivium
310 3084 435 3151 divisio.
486 3085 589 3151 Cives
611 3089 694 3151 euim
722 3107 833 3152 omnes
854 3088 1077 3171 Hippodamus
1105 3087 1270 3154 distribuit

167 3193 201 3253 iu
224 3192 349 3257 olaeses
371 3201 459 3274 tres,
493 3195 662 3277 opilioum,
690 3197 922 3279 agricolarum,
955 3208 1156 3261 armatorum.
1199 3198 1270 3261 nt-

167 3303 238 3357 tera
266 3297 394 3377 partitio
428 3307 479 3360 est
514 3318 675 3383 agrorum.
731 3304 842 3383 Agros
875 3304 951 3364 item
986 3314 1054 3365 tres
1088 3304 1197 3391 diuisit
1230 3308 1267 3370 iu

165 3412 293 3482 partest
314 3423 408 3467 unam
429 3406 507 3471 ieoit
529 3409 698 3491 privatam,
713 3411 845 3472 alteram
862 3410 1029 3491 publicam,
1046 3429 1171 3477 sauram
1189 3423 1264 3479 tet·-
1311 3460 1317 3470 ·

122 3528 132 3540 ’
165 3508 251 3569 tiam.
294 3508 387 3587 Quae
408 3511 526 3574 oiviom
554 3531 769 3597 agrorumque
798 3516 924 3596 partitio
956 3527 1034 3599 quot
1062 3528 1108 3585 et·
1123 3529 1264 3603 quantas

49 3642 57 3661 ι
163 3614 278 3680 offerat
306 3616 532 3700 didiaoltates,
563 3621 719 3684 uberrime
747 3621 842 3685 donet
863 3620 1065 3688 Aristoteles.
1088 3661 1130 3681 -ψ
1152 3629 1291 3695 Tertia·

164 3733 215 3786 est
235 3725 287 3787 lex
308 3724 349 3787 de
370 3725 438 3787 inre
460 3725 602 3789 diceudo.
646 3728 697 3791 Ad
709 3730 899 3794 seutentiam
915 3737 997 3796 enlm
1013 3735 1176 3798 lereudam
1195 3756 1261 3802 non

163 3835 321 3918 suffragia
344 3836 567 3919 Hippodamus
587 3838 647 3901 sed
662 3840 795 3903 tabellas
814 3841 955 3906 adhiberi
976 3846 1078 3918 iussit,
1103 3860 1137 3919 ut
1159 3846 1263 3915 iudex

163 3941 192 4004 si
213 3940 376 4007 damnaret
398 3945 541 4028 quidem,
570 3964 632 4009 neo
661 3957 768 4014 tamen
796 3948 997 4032 simpliciter,
1028 3955 1161 4019 haberet
1193 3976 1261 4040 quo

164 4054 358 4113 senteutiam
371 4053 520 4134 aperiret,
542 4073 629 4117 neve
649 4073 745 4138 quum
767 4077 842 4120 rens
862 4061 987 4122 omniuo
1009 4070 1100 4137 esset
1118 4071 1176 4125 aut
1196 4063 1260 4128 ab·

119 4212 122 4216 ,
164 4154 342 4226 solvendus
362 4167 418 4219 aut
439 4157 637 4223 damnandus
659 4174 828 4242 cogeretur
840 4163 880 4229 ad
897 4165 1075 4245 periurium.
1118 4170 1259 4234 Atrea-

166 4263 283 4341 tentiae
303 4263 333 4368 ai
353 4263 398 4328 ita
418 4265 580 4349 feruntur,
600 4271 656 4332 vel
677 4270 816 4336 maximo
837 4272 1075 4356 discrepabuut3
1104 4295 1168 4361 qno
1188 4277 1260 4362 lter,
