2730 4816
193 625 281 691 viti.
304 627 340 686 lu
363 621 476 687 eedem
499 640 577 685 vero
598 625 707 705 eapite
727 622 770 685 X.
794 623 1013 704 quaestionem
1034 621 1075 685 de
1097 627 1206 688 servis

110 736 141 798 in
170 736 262 798 alium
293 735 398 797 looum
427 731 558 811 differt,
590 733 642 813 qui
670 734 745 794 itant
775 735 806 794 in
829 731 970 794 Politieis
992 729 1209 795 desideraturi

115 836 195 905 Τίνα
215 837 253 904 δὲ
271 838 326 904 δεῖ
345 829 469 926 τρόπον
482 836 628 926 χρῆσθαι
642 827 774 913 δούλοις
792 832 848 900 καί
869 823 955 899 datin
976 833 1105 916 βέλτιον
1125 832 1210 900 πᾶσι

108 952 179 1024 τοῖς
200 937 331 1024 δούλοις
342 935 448 1011 ἆθλον
462 947 665 1032 προκεῖσθαι
678 935 737 1029 mir
750 939 955 1030 ἐλευθερίαν,
969 931 1106 1028 ὕστερον
1115 939 1209 1029 ἐροῦ·4

109 1078 178 1139 μιν.
221 1058 295 1137 Qua
316 1059 359 1121 de
369 1076 404 1123 re
416 1076 497 1121 sane
519 1056 645 1139 quidem
659 1055 832 1137 disputatio
853 1064 907 1117 est
924 1059 958 1117 in
973 1054 1208 1118 Oeeortomiols.

111 1165 178 1229 Sed
201 1166 232 1229 id
251 1166 329 1231 nibil
352 1166 392 1229 ad
403 1186 469 1228 rem
485 1166 542 1240 (oi.
559 1184 629 1248 esp.
640 1164 729 1242 Vl).
752 1164 861 1242 Quare
875 1163 991 1227 deesse
1006 1167 1211 1246 quaestiones

108 1273 150 1336 de
170 1275 311 1355 syssitiis
333 1283 366 1336 et
385 1273 425 1337 de
447 1276 564 1354 servis,
578 1276 688 1355 negari
710 1292 771 1337 nen
794 1280 910 1354 potest.
954 1273 1046 1350 Quae
1059 1273 1207 1354 quoioeo

110 1382 150 1444 ab
174 1382 348 1444 Aristotele
369 1382 525 1448 eolloosta
546 1383 678 1460 inerint,
710 1399 772 1442 non
794 1384 892 1442 oertis
915 1386 947 1441 et
968 1380 1056 1442 veris
1076 1381 1208 1442 rsiieni-
1337 1445 1341 1455 f

110 1489 171 1552 bus
192 1487 288 1570 eilioi,
312 1488 370 1550 sed
392 1487 596 1570 probabiliter
609 1487 722 1550 ooniiei
737 1494 852 1567 potest
899 1487 1045 1567 Namque
1059 1486 1208 1566 inpriore

111 1615 195 1679 quae
222 1605 275 1657 est
302 1595 344 1658 de
373 1595 596 1658 eonstituenda
625 1593 785 1675 repubiiea
807 1599 897 1674 parte
928 1590 989 1670 (ei.
1011 1596 1038 1664 3.
1061 1591 1112 1654 4⁷.
1133 1591 1205 1672 48.)

110 1704 190 1766 iliae
204 1701 330 1787 quidem
353 1702 559 1785 quaestiones
587 1699 799 1763 instituendae
816 1699 952 1776 luerunt,
973 1716 1069 1779 quum
1091 1698 1123 1760 in
1144 1717 1207 1779 po-

110 1812 246 1872 steriore
267 1808 308 1874 de
330 1810 550 1891 componenda
571 1809 703 1870 eivitate
731 1807 834 1868 ieonn
855 1805 974 1870 babere
1001 1807 1087 1869 nullo
1109 1805 1206 1869 modo

111 1926 253 1997 possent
303 1918 412 1995 Quare
444 1935 501 1980 eas
528 1925 602 1998 post
629 1925 725 1996 eaput
752 1917 827 1980 Xil.
859 1923 934 1978 ante
959 1917 1049 1978 xiil.
1081 1914 1205 1996 positas

110 2042 187 2088 esso
224 2044 351 2090 eonaeo.
402 2028 476 2104 Quo
512 2027 624 2089 eedem
657 2026 729 2090 loeo
767 2035 841 2089 ante
875 2026 1121 2109 disputationum
1159 2025 1201 2089 do

112 2137 219 2216 pueris
240 2133 414 2197 adunandis
442 2135 663 2217 quaestionem
693 2135 733 2197 de
758 2136 900 2217 syssitiis
930 2137 1052 2217 legisse
1075 2135 1205 2198 uidetur

111 2248 223 2306 auetor
245 2241 361 2325 Eulog.
382 2243 483 2306 utute.
496 2243 578 2325 apud
597 2244 781 2307 stobaeum.
824 2248 907 2309 Sunt
921 2248 1003 2310 enim
1015 2247 1087 2307 eius
1104 2246 1205 2319 verba

110 2351 210 2417 haee:
240 2337 401 2436 χρήσιμον
426 2345 464 2415 di
495 2347 549 2414 καί
569 2341 608 2415 sd
636 2352 831 2432 νομοθετεῖν
857 2347 1008 2415 συσσίτια
1030 2353 1205 2415 ποιεῖσθαι

109 2451 178 2521 καί
198 2445 238 2519 τδ
259 2452 338 2542 περί
358 2453 417 2543 τῆς
444 2453 552 2542 κοινῆς
579 2452 736 2531 παιδείας
762 2454 829 2520 τῶν
847 2452 966 2520 τέκνων
994 2446 1204 2534 σπουδάζειν.

109 2567 232 2650 Magna
255 2566 381 2649 quidem
406 2567 481 2630 buin
501 2567 648 2648 seriptori
669 2587 730 2630 non
752 2577 804 2631 est
824 2566 989 2631 tribuenda
1011 2568 1205 2649 auetoritssq

108 2691 172 2737 neo
192 2675 261 2756 ipse
282 2675 404 2756 tribuo,
437 2677 584 2756 quoniam
606 2692 669 2737 non
694 2675 808 2757 ubique
830 2683 882 2738 est
903 2677 1129 2739 Aristoteleum
1150 2695 1207 2739 er·

110 2779 215 2846 dinem
236 2794 379 2850 sedatus.
421 2784 515 2848 Haeo
536 2783 576 2847 de
597 2785 781 2867 integritate
803 2786 870 2849 libri
896 2786 968 2849 Vll.

194 2949 250 3010 lx.
273 2948 311 3009 ln
324 2947 401 3009 libre
413 2959 518 3013 autem
533 2951 623 3015 viti.
644 2950 674 3014 3.
695 2951 888 3015 Aristoteles
908 2949 948 3022 de
961 2952 1082 3025 musica
1097 2949 1207 3032 dispu-

108 3054 259 3127 tationem
280 3056 461 3139 ingressas,
482 3058 611 3137 scripsit
633 3057 727 3121 haee:
742 3048 813 3120 ‘lm
824 3052 883 3138 μὲν
897 3051 1003 3120 τοίνυν
1030 3051 1102 3119 ἐστὶ
1127 3075 1207 3133 παιτ

108 3154 184 3245 δεία
199 3181 262 3240 τις,
272 3149 311 3248 ἢν
332 3149 392 3241 οὐχ
412 3148 457 3237 ιίς
476 3157 637 3248 χρησίμην
654 3159 849 3227 παιδευτέον
869 3153 946 3241 νοῦς
969 3158 1051 3240 υἱεῖς
1070 3153 1139 3227 οὐδ’
1160 3152 1207 3247 οἷς

107 3257 282 3352 ἀναγκαίαν
302 3259 372 3333 dii‘
393 3256 438 3344 ὦς
457 3262 648 3357 ἐλευθέριον
666 3267 721 3335 καί
740 3261 849 3359 καλήν,
872 3261 1012 3360 φανερόν
1026 3267 1121 3338 ἐστιν·
1138 3259 1204 3337 πό·

46 3440 50 3449 .
109 3365 263 3460 sapaudi
293 3372 355 3459 μία
382 3367 438 3441 τόν
465 3366 657 3464 delinivi)
686 3374 821 3455 πλείους
848 3375 903 3443 καί
929 3375 1015 3456 τίνες
1034 3367 1130 3444 αὗται
1151 3376 1206 3443 καί

110 3483 191 3563 πῶς,
204 3473 338 3570 ὕστερον
358 3481 488 3553 λεκτέον
508 3483 589 3575 περὶ
609 3477 724 3553 αὐτῶν.
766 3492 893 3570 Quibus
905 3511 942 3555 se
957 3493 1206 3576 disceptaturum

109 3595 269 3679 pollicitus
291 3603 363 3678 est,
396 3605 500 3664 airum
528 3609 655 3681 praeter
685 3600 837 3665 musicam
868 3602 956 3683 pueri
986 3601 1121 3665 docendi
1141 3603 1207 3663 siut

109 3704 189 3767 alias
211 3721 276 3782 res,
296 3722 378 3789 quas
398 3709 464 3769 sint
484 3727 547 3773 nou
567 3711 772 3778 necessariae
793 3718 848 3772 aut
870 3712 966 3777 utiles
987 3709 1046 3770 sed
1057 3706 1205 3771 liberales

111 3819 143 3876 et
164 3810 332 3891 honestae,
354 3832 396 3875 an
416 3831 499 3892 uon3
521 3833 648 3900 eaeque,
664 3836 748 3899 quae
768 3818 833 3883 sint
853 3826 886 3889 et
907 3814 1065 3898 quemodo
1081 3812 1205 3877 doeen-

110 3917 182 3985 διο.
224 3921 346 3999 Quibus
373 3919 415 3989 de
446 3921 541 3987 rebus
564 3924 756 3989 Aristoteles
773 3923 1024 4005 'disputationem
1046 3929 1135 3991 sorta
1153 3921 1208 3989 in·

108 4028 231 4108 stituit3
245 4027 302 4091 sed
318 4028 389 4093 aius
407 4048 452 4091 ne
471 4029 658 4111 vestigium.
671 4028 798 4113 quidem
820 4038 939 4092 exstat.
981 4031 1098 4112 Neque
1121 4031 1205 4095 enim

107 4131 151 4195 de
171 4133 277 4214 eapite
298 4133 372 4196 Vll.
393 4134 463 4200 libri
494 4135 585 4199 Vlll.
614 4137 748 4221 eogitari
769 4145 884 4219 petest.
927 4135 1023 4214 Quod
1044 4138 1139 4222 quum
1161 4138 1206 4200 sit

108 4242 149 4304 tls
169 4243 341 4308 harmoniis
363 4252 396 4308 et
416 4243 630 4327 earminibus,
666 4245 828 4308 artissime
857 4263 929 4310 eum
951 4248 1138 4328 quaestione
1161 4244 1202 4308 ds
