2730 4816
567 434 771 498 ..75-

115 601 324 700 ποιὴσασθαι
352 603 410 700 τήν
438 601 665 701 προσήκουσαν
692 599 826 698 ζήτησιν
853 600 974 698 ἀνάγκη
1002 606 1218 698 διορίσασθαι

115 719 257 808 πρῶτον,
275 718 328 798 τις
336 709 556 806 αἱρετώτατος
574 715 657 801 βίος.
678 710 802 786 Deinde
817 723 961 802 sequitur
982 720 1023 784 de
1036 719 1103 781 vite
1125 728 1219 801 optu-

116 831 170 894 bili
202 831 373 914 disputntin
395 833 477 912 ipss,
506 848 602 911 quem
636 830 812 912 proximem
843 836 917 909 pcst
937 827 1049 889 librum
1074 828 1128 892 lll.
1149 826 1248 912 lore*

115 938 415 1003 demonstrauimus.
437 971 478 984 -
499 938 565 1000 lllis
584 948 691 1027 sutem
712 938 743 999 in
766 935 874 1012 uerbis
894 935 926 998 id
947 954 1072 1017 quoqne
1093 954 1218 997 memn-

119 1056 190 1111 rntu
212 1047 343 1129 dignum
367 1046 484 1127 iudico,
504 1044 588 1127 quod
611 1045 814 1121 Aristoteles,
836 1061 930 1125 quum
954 1062 1051 1124 supra
1065 1045 1218 1123 scripsis-

118 1164 172 1218 set
192 1142 396 1241 αἱρετωτάτη
416 1141 544 1239 ζωή,οο
565 1154 677 1217 endem
705 1152 915 1234 offenderent,
928 1150 991 1215 boc
1016 1152 1088 1214 Ιοοο
1112 1149 1219 1236 posuit

117 1249 337 1348 αἱρετώτατος
354 1255 427 1341 βίος
440 1266 475 1335 ¹).
592 1319 598 1333 .

202 1371 291 1433 vtlt.
323 1372 359 1432 ln
379 1369 491 1433 eodem
522 1379 629 1433 eutem
653 1369 760 1451 cupite
782 1367 864 1432 baec
884 1381 971 1431 sunt:
1007 1365 1132 1446 »Quum
1156 1365 1219 1429 viri
1272 1424 1281 1446 ,

92 1477 191 1543 ,beni
210 1478 312 1540 virtus
334 1476 446 1540 eedem
466 1478 508 1540 sit
531 1495 604 1540 cum
625 1477 696 1538 eius
718 1478 851 1555 virtute,
890 1477 944 1558 qni
967 1476 997 1536 in
1019 1479 1138 1557 opt-ime
1161 1495 1217 1539 re·

118 1582 241 1664 publice
257 1582 338 1646 civis
355 1586 411 1663 sit,
433 1562 568 1645 cundem
588 1586 854 1659 uenerationem,
875 1600 937 1663 que
958 1582 1032 1664 quis
1047 1581 1218 1645 virbonus

118 1689 238 1751 evadat
259 1699 292 1752 et
314 1691 431 1772 optime
450 1674 659 1769 comucnntur
680 1693 818 1774 civiles,
841 1709 936 1773 quum
960 1692 1078 1773 nptims
1099 1692 1218 1754 civitas

119 1804 248 1859 constet
269 1816 310 1858 ex
331 1796 422 1861 benis
444 1799 578 1860 civibus.
621 1797 731 1877 Quare
759 1808 792 1860 et
822 1798 1042 1862 educationem
1075 1811 1108 1861 et
1136 1819 1218 1862 con·

117 1903 317 1966 suetudinem
347 1904 481 1967 eandem
505 1923 600 1987 esse,
628 1925 692 1987 qun
713 1909 786 1986 quin
815 1907 864 1968 vir
892 1905 993 1968 bonus
1015 1904 1164 1968 reddatur
1185 1915 1219 1968 et

119 2012 202 2074 civis
223 2013 361 2092 cptimse
383 2012 584 2092 reipublicae.
626 2013 689 2074 llis
711 2013 809 2093 lgitnr
829 2012 937 2075 verbis
952 2022 985 2075 et
1006 2033 1098 2097 qnam
1118 2032 1216 2078 secu-

121 2128 210 2181 turus
238 2118 281 2180 sit
309 2121 338 2179 in
361 2117 576 2199 disputatione
597 2118 638 2181 de
661 2120 779 2200 optima
801 2120 934 2183 civitate
954 2123 1040 2184 viam
1062 2132 1096 2185 et
1116 2124 1217 2185 rstic-

117 2248 190 2292 nem
214 2227 429 2310 demonstret,
457 2228 657 2310 ostenditque
686 2248 725 2291 sc
755 2231 918 2294 civitatem
949 2232 1040 2313 qussi
1069 2252 1089 2294 s
1117 2234 1217 2313 prims

115 2346 227 2420 potate
248 2339 468 2402 educaturum.
512 2340 606 2402 lleec
634 2340 664 2401 in
694 2338 773 2400 libro
810 2339 883 2404 lll.:
914 2340 1004 2402 libris
1033 2359 1112 2403 vern
1141 2342 1216 2405 Vll.

118 2456 152 2511 et
187 2449 278 2512 vtlt.
322 2448 496 2532 ingreditur
523 2449 658 2514 eandem
689 2467 782 2532 quem
814 2449 1005 2511 monstravit
1035 2448 1217 2532 disputandi

115 2575 211 2620 mem.

200 2662 258 2726 lx.
280 2663 360 2726 'l'urn
383 2662 462 2726 dicit
482 2663 581 2728 bsect
601 2657 832 2747 Διωρισμὲνων
852 2655 891 2724 δὲ
911 2653 1035 2725 τούτων
1056 2659 1136 2749 περὶ
1156 2659 1217 2749 τῆς

116 2763 290 2843 πολιτείας
308 2759 372 2854 ἤδη
400 2764 576 2855 πειρατέον
603 2763 708 2851 λέγειν
738 2764 798 2851 τῆς
824 2757 961 2855 οἷρίοτρς
988 2763 1061 2850 τίνα
1086 2766 1216 2857 πέφυκε

118 2868 269 2954 γίνεσθαι
289 2865 413 2959 τρόπον
434 2873 488 2939 καὶ
505 2871 735 2940 καθίστασθαι
749 2872 832 2950 πῶς.
843 2879 1010 2941 Aristoteli
1027 2880 1121 2963 igitur
1138 2899 1215 2959 pro·

118 2983 258 3062 positum
292 2983 372 3064 luit,
403 2994 437 3047 ut
466 2985 615 3066 doceret,
648 2985 765 3070 optime
795 2987 975 3068 respublica
1003 2999 1038 3052 et
1058 2989 1216 3070 quomodo

117 3096 231 3152 nature
243 3090 377 3154 oriretur
388 3099 421 3153 et
432 3109 494 3173 qne
508 3095 629 3156 ratione
640 3094 895 3161 constitueretur.
920 3097 1045 3160 Etenim
1056 3099 1157 3160 verbo
1167 3092 1220 3181 yi-

116 3195 236 3257 νεοθαι
244 3196 466 3278 significentur
474 3209 617 3280 ee,dtrsc
628 3219 668 3262 ex
677 3209 786 3264 nature
795 3204 994 3285 requiruntur
1003 3212 1107 3266 terrac
1116 3206 1219 3269 ethn-

115 3304 246 3387 minum,
259 3306 398 3387 optimae
407 3306 598 3388 reipublicae
604 3307 777 3372 civibussd
785 3310 868 3373 bene
881 3310 1036 3394 beateque
1045 3312 1217 3380 vivendum

134 3557 168 3623 1)
188 3559 226 3608 lie
243 3559 295 3610 bec
311 3568 472 3622 argumente
500 3563 626 3615 dixerunt
663 3570 691 3616 et
707 3567 870 3634 scengelius
894 3569 1016 3631 (ldrincn
1035 3573 1095 3624 Get.
1113 3573 1217 3624 Anni

183 3664 208 3702 c.
227 3658 255 3702 et
264 3652 424 3716 „Ueberdle
442 3655 499 3705 Pel.
517 3658 563 3705 des
580 3656 686 3709 Arist.“
695 3673 720 3722 p.
738 3660 891 3721 motulis
907 3667 957 3714 Ar.
975 3679 1037 3717 rcm
1055 3672 1144 3717 ersten
1162 3669 1217 3718 Ur-

178 3755 284 3807 sprung
301 3757 336 3794 nn
357 3744 491 3807 heglnnen
508 3747 580 3829 will,
596 3762 629 3801 sn
646 3751 756 3803 &dunen
774 3753 816 3803 die
829 3749 1217 3819 jetstslrgcrtssenenwcrte

177 3837 227 3885 des
253 3834 352 3885 dritten
382 3838 485 3888 llnclrss
506 3838 603 3892 lrclnen
626 3845 729 3894 andern
752 3847 900 3898 Gedsnlen
923 3830 1081 3910 orientum,
1103 3848 1147 3898 sle
1163 3849 1218 3901 wie
1303 3863 1308 3879 ·

178 3928 261 3978 whom
285 3926 332 3977 det·
355 3929 499 3978 Ausdrnek
515 3928 579 3999 πρδς
596 3929 640 3998 τήν
657 3931 822 4002 αἱρετωτάτην
845 3934 908 4003 ζωήν
934 3938 1059 3989 emtbeu
1075 3939 1156 4005 lissi,
1174 3942 1216 3993 die

180 4016 410 4081 Zurtclrtiibrung
426 4021 474 4069 sul
490 4022 540 4070 den
558 4023 682 4074 bdcbsten
701 4027 917 4092 Lebenszweck,
934 4030 987 4078 wie
1000 4029 1090 4080 uires
1108 4033 1143 4083 im
1160 4032 1216 4084 sie·

180 4112 278 4161 benten
296 4112 384 4161 uncte
401 4113 515 4163 finden.»
550 4122 578 4164 et
596 4117 728 4181 stennius,
745 4119 789 4180 qui
805 4119 872 4168 tmec
887 4119 1006 4182 scrlpsit.
1030 4123 1097 4173 «lile
1114 4127 1216 4176 tinter-

178 4206 305 4269 sucnnng
322 4207 390 4256 uber
415 4209 451 4263 τίς
472 4202 634 4272 αἱρετώτατος
657 4210 731 4271 utcu
755 4209 826 4259 rrlrd
851 4212 1028 4279 nntlrwendlg
1052 4212 1135 4266 durcb
1164 4217 1216 4266 den

178 4310 221 4348 sm
240 4297 426 4349 Scblussedes
444 4300 472 4356 θ.
488 4300 594 4353 liutbes
607 4302 766 4365 genscum
775 4303 880 4354 muts
888 4301 950 4372 πρὸς
959 4303 1126 4374 nimrim
1141 4305 1214 4373 ζιιὴν.

513 4378 532 4404 ἢ
