2730 4816
563 469 593 483 -
646 437 789 503 tte-

211 625 283 690 Xii.
326 623 393 686 Pol.
414 611 605 688 Vimine
626 617 665 684 δὲ
691 610 814 683 καὶκαὶ
840 609 1062 706 repetituri
1093 641 1234 686 κατα-

127 725 391 817 σκευάσματα
402 723 564 820 δημοτικαὶ
576 719 901 816 δοκοῑσᾶττα,ίίγω
914 720 1035 797 δὀίον
1050 723 1233 819 ἀναρχία

127 869 172 912 τε
186 834 452 927 δσύίων(αἱ’νιη
471 833 542 904 d'o‘ir
561 839 613 926 τίη
623 837 720 926 μέχρι
741 861 801 904 τοο
822 836 1051 927 συμφέρουσα)
1071 837 1143 905 καί
1164 865 1234 926 yv-

125 952 276 1020 καικοῖν
295 947 550 1028 καίσαίδων,
570 945 639 1013 καί
659 938 705 1013 τό
720 945 792 1036 ζῆν
812 937 923 1023 ὅπως
943 969 1005 1026 τις
1023 938 1232 1030 βούλεται

126 1058 327 1148 παρορᾶν.
371 1063 406 1122 Si
429 1062 507 1124 iiber
527 1060 686 1143 quintus,
716 1059 766 1121 ubi
796 1056 836 1120 de
857 1069 1060 1140 tyrannorum
1082 1057 1233 1122 artificiis

126 1174 282 1236 uberrimo
304 1169 419 1232 dictum
433 1177 494 1240 ent,
508 1167 652 1248 proxirnc
668 1169 914 1247 praecessisset,
936 1166 1036 1229 verba
1055 1158 1233 1253 ταρακτικὰ

32 1269 33 1273 ’
127 1267 419 1358 κατασκευάσματα
444 1274 627 1340 accuratius
649 1272 769 1336 detiniri
793 1291 930 1336 necesse
952 1292 1014 1338 non
1037 1283 1114 1338 erat.

212 1389 307 1451 ΧΙΙΙ.
351 1386 554 1449 Commutato
567 1384 663 1467 igitur
676 1383 823 1445 librorum
837 1381 953 1458 ordine,
965 1383 1042 1444 liber
1052 1383 1184 1464 quintus
1197 1383 1232 1447 in

128 1494 221 1557 flnern
246 1504 437 1558 removetur.
460 1495 564 1571 Quem
576 1491 701 1576 quidem
715 1491 825 1554 librum
838 1492 865 1552 si
884 1493 1054 1574 perlegere
1072 1492 1229 1572 volueris,

127 1602 287 1664 concedes
299 1601 503 1666 Aristotelem
520 1599 559 1663 ad
576 1600 660 1663 herro
671 1599 873 1663 Potitieorurn
890 1608 1009 1680 partem
1026 1599 1228 1664 concluden-

131 1709 298 1773 darunuiio
320 1709 360 1772 de
382 1703 601 1790 re'disputorc
621 1708 725 1788 aptius
736 1709 882 1787 potuisse
904 1725 997 1790 quarn
1019 1705 1059 1768 de
1080 1724 1225 1770 cotwer-

126 1816 271 1879 sionibns
295 1815 482 1893 civitatium,
505 1812 770 1892 corruptionibus,
793 1809 966 1872 medicinis.
1003 1810 1087 1888 Quid
1109 1807 1228 1874 enimi

128 1926 303 2004 Postquam
320 1914 550 2006 δημοκρατίας,
562 1908 758 2003 ὀλιγαρχίας,
771 1906 1030 2003 ἀριστοκρατίας,
1044 1918 1228 2001 tyrannidis

130 2050 252 2114 genere
285 2039 316 2090 et
345 2038 420 2112 quot
454 2030 517 2090 sint
548 2026 697 2094 didicisti¹
718 2037 751 2089 et
779 2025 939 2109 quomodo
966 2029 1225 2091 constituantur:

129 2158 233 2202 nonne
259 2137 366 2199 eudire
398 2154 479 2198 aves
510 2133 622 2198 eadem
656 2135 771 2216 quibus
799 2134 896 2197 rebus
928 2142 985 2197 aut
1011 2132 1229 2216 depraventur

130 2255 185 2310 aut
207 2253 435 2310 conserventur
449 2241 502 2338 'Ji

235 2355 325 2418 Herc
355 2354 424 2421 fere
460 2364 536 2416 sunt
564 2364 748 2436 argumenta
783 2356 907 2440 omnin,
945 2358 1063 2441 quibos
1095 2363 1151 2442 qni
1182 2362 1229 2424 sit

22 2523 27 2534 ,
130 2481 229 2526 verus
266 2463 412 2525 librorum
447 2462 548 2542 ordo,
584 2462 833 2527 tuouientissirne
869 2464 1117 2532 demonstratum
1150 2488 1229 2532 esse

130 2580 215 2650 puto.
257 2569 303 2630 At
329 2575 507 2650 repugnant
532 2567 594 2630 loci
617 2576 784 2651 quattuor,
815 2570 930 2653 quibus
949 2573 1083 2654 scriptor
1101 2575 1146 2637 its
1176 2576 1230 2641 ic·

74 2696 76 2703 ·
130 2679 242 2760 quitur,
266 2681 357 2759 quasi
379 2679 457 2740 libro
478 2687 572 2740 sexto
594 2680 723 2760 quintus
743 2679 926 2761 praecedat.
948 2682 1100 2748 Eitntnen
1113 2702 1229 2748 ornnes

130 2804 187 2865 pro
207 2786 424 2867 suppositiciis
445 2797 478 2849 et
498 2785 633 2849 habendi
646 2795 679 2849 ct
694 2787 790 2850 habiti
808 2796 892 2850 sunt.
913 2789 998 2851 Nanr
1020 2790 1104 2874 quod
1125 2792 1229 2874 ipsius

130 2893 270 2955 auctoris
280 2891 448 2973 dispositio
460 2893 665 2975 demonstrat,
680 2893 764 2978 quod
777 2896 807 2956 in
819 2896 895 2958 libro
909 2907 1021 2976 quarto
1045 2898 1228 2981 disputandi

131 3002 212 3064 ratio
231 3000 413 3079 confirmat,
439 3002 523 3086 quod
545 3005 629 3067 sexti
650 3004 718 3068 iibri
740 2993 825 3091 ἀρχῆ
844 3008 920 3083 (W.
934 3007 1044 3071 14:15.
1055 3010 1108 3079 16)
1131 3028 1229 3075 cotu-

182 3277 309 3340 ,na'rrnm
327 3284 390 3352 Περὶ
407 3283 456 3348 μίν
473 3276 518 3332 οὖν
532 3285 582 3332 τῶν
599 3279 679 3332 ἄλλων
701 3273 737 3333 n'rr
754 3281 924 3349 προειλόμσθσ
940 3279 1037 3349 σχεδόν
1059 3285 1151 3350 εἴρηται
1166 3287 1227 3350 περὶ

196 3367 314 3431 πάντων)
334 3378 410 3424 reete
428 3372 586 3424 observavit
603 3374 726 3424 sonorius
744 3374 776 3436 (Ι.
793 3373 843 3438 c).
869 3375 922 3424 Sed
939 3389 972 3425 ex
984 3376 1035 3426 hnc
1052 3373 1228 3427 similitudine

197 3471 381 3526 argumentum
399 3470 491 3528 petere
501 3466 620 3530 equidem
630 3479 685 3517 non
696 3463 792 3518 susim.

149 3567 181 3637 1)
199 3573 258 3621 ilco
266 3577 451 3636 argumentum
462 3577 601 3636 praeclare
610 3575 774 3627 titustratnn
784 3590 845 3628 esse
853 3576 1109 3643 videoespengeiio
1127 3576 1229 3640 (Uener

197 3663 303 3714 diePut·
314 3667 360 3714 des
371 3666 485 3730 Arist-p.
496 3667 566 3731 tto).
583 3668 695 3733 Esttegt
707 3669 773 3718 eber
788 3669 814 3718 in
831 3670 977 3720 det-Natur
994 3671 1044 3719 der
1052 3669 1149 3732 suche,
1167 3667 1230 3725 tots

196 3757 239 3807 die
250 3760 344 3820 heire,
360 3758 414 3808 wie
424 3760 538 3809 stacten
557 3761 719 3824 untergeiren
736 3758 788 3810 ond
807 3761 908 3814 wieder
923 3761 1101 3825 autgericitet
1116 3765 1231 3815 werden

196 3848 317 3913 konnen,
334 3850 406 3899 ntcht
423 3848 517 3900 triber
533 3851 577 3901 nis
594 3854 674 3901 deren
692 3850 843 3916 oronoung
860 3852 1004 3904 beinndett
1022 3854 1126 3904 werde.
1161 3854 1232 3906 sind

197 3937 239 3987 die
257 3939 369 3988 susten
386 3939 546 3990 konstttutrt
571 3939 624 3990 und
647 3954 677 3990 es
695 3942 754 3992 tritt
770 3942 803 3992 inr
825 3944 911 3994 haute
930 3945 980 3993 der
996 3942 1058 3993 nete
1074 3942 1134 3994 eine
1151 3943 1230 3996 Ver·-

196 4030 408 4096 setriectrterong
431 4032 492 4097 ein,
518 4031 587 4083 dena
611 4033 677 4083 wird
702 4048 731 4082 es
752 4033 945 4099 nothwendig,
973 4036 1031 4085 dent
1054 4033 1228 4087 wanienden

203 4121 342 4172 zustnnde
360 4136 395 4173 zu
413 4125 495 4174 titire
512 4139 547 4175 nn
565 4125 696 4188 iromnren,
714 4126 766 4177 wie
782 4129 850 4178 auctr
868 4129 951 4179 Arist·
969 4135 1063 4182 nuent
1071 4127 1120 4180 die
1133 4128 1230 4197 φθοραί

197 4210 250 4261 ond
269 4210 337 4263 deun
353 4220 409 4265 erst
425 4216 466 4267 die
484 4222 595 4286 σωτῃρίαι
612 4219 763 4285 otiandum,
780 4219 872 4271 iurnrer
886 4222 951 4272 eber
968 4221 1004 4272 ist
1020 4221 1061 4272 die
1071 4220 1228 4290 θήσουσι

197 4307 247 4360 des
265 4312 346 4383 εοεαε,
364 4310 408 4361 dte
425 4311 578 4377 Eroultung
597 4310 646 4364 des
662 4311 772 4380 spitere
790 4317 844 4369 unt
862 4314 1001 4383 toigende.
