2730 4816
115 608 229 673 deiude
250 613 373 694 imperii
394 631 515 696 genera
536 613 724 698 distlugrslt,
746 617 881 680 alterum
904 604 1117 693 ὁεσποτικόν,
1148 615 1215 680 beri

113 718 144 780 in
169 735 300 799 servos,
323 721 375 801 qul
396 722 505 783 omnis
524 720 565 783 arl
587 721 618 783 iti
631 723 761 801 referat,
776 723 861 807 quoti
877 724 937 786 sibi
954 722 1118 787 eonduest
1136 720 1216 807 ipslp

113 828 248 890 alterum
271 815 484 907 οἰκονομικόν,
504 830 751 912 patrisfamilias,
773 833 826 914 qui
847 841 974 911 spectet
993 829 1037 911 id,
1059 828 1144 913 quotl
1163 830 1215 903 ἡ

112 936 167 1018 qui
183 944 318 1016 pareant·
331 935 498 1001 mutuent
518 937 685 1001 Distribuit
700 947 807 1001 autem
828 939 871 1001 ita
895 940 990 1016 etiam
1013 936 1213 1018 respubliess

111 1042 143 1105 ira
164 1040 360 1122 probabiles,
382 1043 413 1107 iu
436 1044 777 1127 quibusmsgistratus
795 1045 901 1107 emula
918 1044 1059 1107 releruut
1079 1042 1120 1106 ad
1140 1061 1212 1107 eam

112 1161 261 1230 uuum,
284 1169 367 1232 quae
389 1152 500 1235 genuit
522 1152 701 1232 puritatem,
721 1161 754 1215 et
775 1153 805 1226 iu
827 1152 1023 1234 perniciosas
1044 1139 1214 1237 (ἡμαρτη-

112 1250 228 1343 μένας,
257 1244 480 1341 παρεκβάσεις
500 1253 564 1318 τῶν
585 1245 737 1343 ὀρθῶν),
764 1258 794 1322 ie
816 1261 954 1342 quibus,
975 1261 1028 1343 qui
1049 1261 1213 1342 imperaret,

110 1363 154 1429 sd
174 1381 267 1426 suam
290 1364 424 1446 quisque
447 1364 611 1429 utilitatem
634 1364 734 1427 relert
756 1368 871 1428 omula.
921 1364 1005 1427 Sunt
1032 1384 1109 1427 vero
1132 1384 1208 1447 pro·

112 1469 228 1536 latitia
249 1472 441 1553 reipublieae
461 1489 582 1555 genera
605 1471 682 1553 tria,
705 1474 867 1553 imperium
889 1476 985 1535 unius
1007 1471 1037 1535 b.
1057 1494 1087 1537 e.
1111 1475 1213 1558 regis,

111 1581 305 1663 singulorum
328 1581 357 1644 b.
379 1601 407 1644 e.
430 1582 640 1664 optimatium,
662 1581 768 1663 pepuli
792 1581 822 1642 b.
844 1600 873 1642 e.
896 1581 1069 1671 populare,
1099 1589 1132 1642 et
1152 1590 1208 1643 to-

111 1687 209 1753 tidem
228 1690 407 1771 perniciosa
424 1691 488 1755 illis
506 1691 683 1771 eentraria,
694 1689 876 1753 dominatus
898 1690 1038 1770 tyranni,
1062 1687 1210 1753 laetieuis

111 1782 324 1881 (ὀλιγαρχία),
347 1807 381 1860 et
401 1798 506 1882 plebis
529 1793 792 1885 (δημοκρατίαν).

191 1912 257 1975 lam
273 1909 315 1973 de
328 1912 428 1975 tribus
440 1912 630 1994 perniciosis
645 1911 943 1994 rerumpublicarum
960 1911 1063 1977 merlis
1076 1928 1213 1977 seeum·

109 2016 174 2079 tius
186 2014 273 2079 dioit.
295 2017 455 2099 'lyranuis
478 2028 529 2082 est
549 2010 733 2101 despetioas
755 2021 788 2080 iu
807 2017 897 2080 cives
912 2015 1094 2107 dominatus
1109 2017 1210 2095 unius.

110 2120 215 2201 Quum
236 2133 345 2187 autem
358 2122 480 2210 divites
494 2131 527 2186 et
543 2125 663 2207 eopiosi
684 2124 877 2206 reipublicae
891 2132 1056 2206 praesunt,
1076 2111 1211 2208 ὀλιγαρ-

108 2220 348 2305 1louveeamus
359 2247 432 2291 eum
442 2228 633 2310 reipublicae
644 2238 773 2292 statum.
796 2230 846 2291 lla
860 2238 966 2293 autem
978 2224 1207 2317 estbppeape-

108 2330 214 2415 simin
230 2356 293 2421 qus
304 2355 402 2419 penes
416 2355 575 2422 pauperes
591 2346 642 2400 est
655 2340 793 2401 emulum
814 2353 940 2400 summa
955 2355 1069 2401 rerum.
1091 2337 1210 2419 Neque

108 2446 191 2510 euim
206 2455 284 2527 quot
304 2448 370 2509 siut
382 2449 619 2530 quiimperaet,
644 2457 707 2510 tam
721 2442 937 2539 quaerendum
948 2454 1000 2506 est
1015 2461 1110 2526 quam
1122 2443 1218 2506 ‹livi-⁸

108 2566 199 2619 tesee
217 2557 282 2623 siut
297 2572 521 2639 aupauperes.
541 2555 626 2617 Nam
646 2570 744 2637 quum
765 2551 883 2615 divites
904 2551 1209 2647 imperapt,‚qe30·
1291 2581 1294 2586 ·

108 2663 161 2725 vis
181 2667 246 2726 siut
267 2683 396 2727 numere
411 2665 593 2747 superiores
608 2661 751 2748 reliquis,
767 2671 873 2726 tamen
889 2661 952 2724 boe
965 2674 1073 2743 genus
1086 2674 1211 2739 eoeap-

108 2769 181 2831 dum
197 2779 247 2831 est
261 2760 448 2857 ὀλιγαρχίαι
469 2782 581 2835 eeutra
596 2788 703 2855 penes
718 2786 877 2855 pauperes
896 2770 925 2833 si
944 2767 1064 2850 imperii
1085 2782 1211 2831 summa

109 2885 173 2954 est,
194 2880 340 2957 quamvis
362 2880 463 2940 miuus
485 2877 571 2943 multi
593 2879 657 2941 sint
678 2896 773 2961 quam
793 2877 931 2965 divites,
961 2886 1068 2941 umen
1097 2894 1208 2941 eorum

108 2983 272 3064 imperium
294 2970 464 3066 ὀλιγαρχία
486 3005 548 3047 nou
563 2995 613 3048 est
629 2985 689 3049 sed
704 2978 917 3073 δημοκρατία.
940 2985 1092 3069 Sequitur
1111 2992 1209 3067 eaput

109 3091 186 3170 tx„
211 3090 296 3172 quod
326 3093 409 3154 viam
439 3093 537 3157 muuit
558 3093 611 3156 sd.
627 3096 848 3176 quaestionem
872 3092 914 3156 de
936 3093 1002 3173 eis,
1024 3091 1076 3175 qui
1097 3091 1208 3172 reipu-

110 3197 211 3261 blicae
235 3199 439 3280 preefleleudi
460 3209 545 3265 suet.
585 3201 689 3280 Quum
712 3202 794 3269 euim
815 3203 973 3283 imperare
994 3201 1094 3263 veliet
1113 3198 1208 3280 pauoi

107 3303 243 3386 quidam,
267 3306 349 3388 quod
371 3305 504 3371 ditiores
524 3309 602 3389 sint,
625 3307 790 3371 multitudo
810 3303 961 3390 (δῆμος),
984 3303 1069 3388 quod
1092 3321 1205 3368 omues

105 3416 171 3475 siut
180 3412 280 3488 liberi,
291 3419 439 3495 quaestio
457 3417 555 3479 oritur
567 3394 703 3487 delusio
714 3403 912 3500 ὀλιγαρχικῷ
923 3423 956 3479 et
968 3407 1207 3498 δημοκρατικρῖ.

106 3518 178 3582 lloe
198 3519 322 3602 quidem
347 3523 462 3586 iustum
485 3535 518 3587 et
538 3527 656 3597 iustum
678 3525 864 3606 simplieiter
884 3504 980 3610 quale
1002 3525 1058 3609 sit,
1078 3531 1110 3584 ut
1128 3539 1205 3602 per-

105 3627 273 3709 spiciatur,
292 3629 431 3723 ,ubertus
452 3628 672 3707 disserendum
699 3640 751 3695 est
780 3631 821 3695 de
851 3616 995 3695 eivitatis
1015 3646 1115 3692 eausa
1136 3629 1155 3689 i.
1178 3646 1207 3691 e.

104 3753 161 3802 our
182 3736 271 3799 eivea
293 3748 408 3801 oeeaet
429 3736 529 3822 deque
550 3743 621 3805 eius
643 3741 726 3805 flue·
764 3739 816 3805 sd
839 3739 1075 3822 assequendum
1098 3747 1206 3800 autem

105 3843 245 3909 eivitatis
266 3844 361 3908 linem
384 3849 439 3929 qui
457 3850 563 3930 magis
584 3849 765 3932 eeuleraut,
787 3867 845 3913 ees
869 3848 946 3912 ‹lieit
967 3856 1001 3911 et
1021 3844 1206 3928 aequalibus

105 3951 251 4018 libertate
270 3955 511 4036 anteponendos
532 3975 608 4021 esse
630 3967 663 4021 et
684 3960 744 4041 eis,
767 3960 821 4041 qui
842 3955 1000 4040 progenie
1022 3953 1206 4047 superiores

103 4059 168 4125 sint
188 4060 241 4125 vel
264 4061 395 4126 divitiis.
437 4064 564 4144 Quibus
591 4067 702 4131 verbis
729 4068 911 4157 adiuugitur
941 4065 1091 4148 quaestio
1112 4065 1207 4130 tertis

104 4166 146 4235 de
162 4168 227 4250 eis,
247 4171 307 4251 qui.
319 4174 515 4256 reipublicae
535 4176 741 4259 praelloientli
762 4185 846 4241 sunt
