2730 4816
130 429 178 492 Vi

131 631 243 693 librum
262 629 306 692 de
333 626 544 691 Aristoteleis
571 625 715 690 Politicis
741 625 900 694 aLeonh.
925 625 1102 712 Spengeiio
1129 628 1225 709 paulo

120 787 202 845 autc
228 779 361 844 editum.
421 775 514 840 Unde
540 777 699 862 cognovi,
738 776 843 839 virum
866 774 953 838 ilium
980 776 1093 838 harum
1118 795 1222 839 rerum

127 951 198 997 oum
226 930 336 1012 primia
362 932 500 1010 peritum
521 945 645 991 mecum
670 925 855 990 consentire
880 927 1091 1008 compluribus
1111 928 1151 990 de
1167 947 1223 989 re-

128 1081 201 1167 bus,
231 1098 312 1162 quos
337 1099 357 1143 a
384 1099 434 1142 me
468 1097 545 1142 esse
569 1079 669 1160 primo
702 1074 830 1160 quidem
857 1077 1099 1141 animadversas
1124 1088 1222 1160 puta-

127 1246 251 1291 veram·
277 1225 386 1305 Quare
411 1243 504 1306 quum
530 1243 643 1287 verum
667 1242 719 1286 me
745 1222 868 1286 vidisse
891 1220 1017 1285 facilius
1044 1224 1119 1286 mihi
1145 1244 1223 1306 per-

130 1376 318 1458 suaderem,
344 1374 556 1438 vehementer
579 1323 723 1459 gavisus.
743 1391 825 1438 eum.
850 1374 967 1455 Neque
985 1375 1068 1438 enim
1095 1384 1148 1438 est
1170 1377 1225 1438 iiia

129 1470 256 1609 quiddm
277 1525 440 1597 sententia
464 1523 644 1608 probanda:
673 1533 818 1606 pereant,
844 1525 898 1610 qni
923 1535 999 1591 aute
1023 1546 1084 1590 nos
1111 1527 1224 1592 eadem

130 1673 252 1738 dixere.
288 1673 351 1737 Ubi
366 1681 472 1737 autem
497 1684 552 1737 res
567 1672 612 1736 tte
626 1673 712 1759 tuiit,
733 1677 822 1740 utair
845 1695 885 1738 eo
911 1677 1136 1762 dissentirem,
1162 1702 1224 1745 an-

129 1814 352 1886 notatiunculis
377 1821 409 1884 id
440 1817 643 1905 significavi3
685 1820 825 1902 itemque
850 1822 879 1885 si
904 1824 989 1905 quod
1014 1845 1066 1889 me
1094 1826 1225 1913 fugerat

128 1974 206 2034 novi
232 1969 308 2054 quid
341 1968 424 2051 apud
461 1986 533 2031 eum
566 1967 690 2031 invenit
729 1971 894 2052 quominus
920 1974 952 2037 in
977 1974 1226 2057 disputationem

131 2102 236 2182 meam
259 2117 445 2201 reciperem,
471 2119 624 2200 temporis
639 2122 797 2202 angustiis
814 2120 948 2203 aliisque
971 2124 1091 2189 studiis
1116 2128 1223 2210 impe·

130 2267 228 2349 ditus,
240 2272 477 2332 annotationem
492 2267 660 2350 adscripsi.
673 2303 723 2317 —
748 2272 916 2337 'dentatum
927 2273 1062 2357 deniquo
1081 2280 1227 2344 omnibus

132 2433 210 2480 esse
227 2415 314 2501 volu,
340 2435 392 2480 me
419 2415 505 2480 hunc
530 2382 673 2479 edidisse
699 2415 848 2502 libellum,
875 2435 938 2481 nou
964 2419 1048 2501 quod
1068 2425 1122 2486 vei
1152 2444 1226 2489 me-

122 2536 240 2632 diocre
255 2567 329 2649 quid
344 2586 364 2630 a
379 2586 427 2630 me
452 2566 643 2650 praestitum
669 2584 745 2630 essa
762 2572 921 2655 putarem,
946 2569 1006 2632 aad
1020 2578 1066 2652 ut,
1080 2571 1127 2634 eis
1143 2592 1226 2656 quae
1308 2584 1313 2615 ¹

133 2728 209 2783 ante
222 2723 416 2800 scripseram
436 2716 553 2778 ieviter
566 2717 766 2795 retractatis,
787 2715 988 2782 Aristotelea
1000 2720 1107 2785 studia
1120 2723 1225 2787 auimo

132 2875 272 2950 retenta,
297 2863 502 2951 gravioribus
528 2860 644 2926 studiis
657 2865 792 2925 remisse
818 2872 884 2926 tum
909 2876 1141 2932 revocarentur
1158 2879 1225 2934 tum

134 3014 350 3078 inciterentur.
