2730 4816
549 428 823 533 ..pq-¹

111 614 248 695 ipsemet
277 612 472 675 Aristoteles
504 612 658 691 Lycurgo
680 608 796 671 obiicit.
838 609 882 670 Et
902 616 1008 670 tannen
1029 624 1127 688 quum
1150 628 1207 691 per

99 739 150 801 se
172 718 374 786 manifestum
396 724 447 780 est
468 716 508 778 (le
531 715 581 776 his
603 712 764 797 egendum
779 714 899 791 luisse,
933 723 998 778 tum
1022 717 1209 795 promittitur

111 827 194 890 llaec
220 826 363 890 doctrina
392 826 498 906 capite
541 823 649 886 ultimo
671 824 740 886 libri
766 820 905 889 l..Pul.“
947 824 1069 902 Quibus
1100 826 1209 888 verbis

112 938 211 997 multa
232 933 357 1016 quidem
379 935 487 996 insunt
508 934 601 1012 lclsa,
632 931 749 1013 aliquid
771 941 879 995 tamen
899 933 977 994 veri.
1019 934 1070 996 De
1092 936 1209 996 conlu-

77 1113 86 1126 .
112 1062 189 1127 gom
212 1043 371 1104 societate
403 1041 597 1122 disputatum
625 1043 757 1119 saepius
787 1048 848 1101 cst.
901 1039 1029 1104 Uxores
1055 1043 1210 1121 privatas,

108 1170 173 1215 non
194 1168 380 1214 communes
401 1148 565 1211 habendos
588 1164 666 1211 esse
688 1146 770 1212 dixit
788 1150 819 1211 in
843 1149 920 1211 libro
942 1152 1003 1227 ll.;
1033 1168 1137 1230 neque
1158 1152 1209 1215 eia

114 1256 231 1318 bellum
259 1255 447 1338 gerendum,
476 1271 580 1334 oeque
607 1247 758 1314 συσσίτια
784 1254 976 1317 instituenda
997 1255 1058 1330 (cie
1078 1264 1107 1331 ς.
1130 1257 1210 1332 24.)-

116 1353 511 1448 Decimiip1)ooniugis
533 1373 565 1424 et
587 1364 697 1427 uxoris
718 1372 822 1426 autem
844 1365 1086 1427 accuratissime
1106 1366 1213 1446 iuqui-

115 1476 193 1536 eivit
213 1475 244 1536 in
268 1474 348 1536 libro
372 1473 443 1539 Vll.
485 1473 537 1536 De
557 1480 702 1534 natorum
724 1473 984 1535 vernantissima
1006 1490 1077 1536 oum
1092 1492 1212 1554 pareo·

115 1583 200 1644 tibus
228 1580 449 1646 coniunctium
477 1599 650 1661 eorumque
679 1577 720 1640 de
750 1578 937 1643 educatione
964 1581 1042 1644 libro
1074 1583 1147 1644 Vll.
1177 1591 1214 1647 et

117 1691 206 1752 Vlll.
231 1689 375 1772 quaestio
396 1696 457 1751 est
502 1688 549 1749 lie
571 1687 759 1751 educatione
780 1698 886 1753 autern
907 1689 1038 1751 liberum
1060 1689 1168 1752 dicere
1180 1702 1214 1754 et

115 1798 159 1861 de
186 1799 303 1859 virtute
326 1796 409 1859 idem
436 1807 501 1860 est.
543 1797 591 1859 Ar
611 1799 651 1857 de
671 1799 839 1858 mulinum
861 1799 1048 1859 educatione
1067 1803 1212 1862 cmmodi-

116 1907 329 1984 oneratione
347 1921 388 1964 ne
407 1905 598 1962 mentionem
625 1903 751 1980 puidam
776 1921 846 1962 caue
864 1908 899 1962 ira
928 1904 1146 1981 desperamus
1173 1909 1214 1970 de
1303 1984 1312 1990 ¹

116 2017 234 2090 optimu
256 2013 438 2087 republica,
461 2022 556 2073 recte
585 2009 709 2093 quidem
739 2009 939 2094 Gourirrgius.
996 2011 1059 2090 Qui
1086 2015 1213 2096 quidem

116 2138 207 2204 pocus
229 2129 334 2182 utrum
351 2109 488 2199 perierit,
505 2119 599 2180 ausit
612 2119 653 2180 ab
667 2120 840 2182 Aristotele
852 2123 1109 2204 praetermissus,
1121 2126 1216 2206 wui-

117 2229 260 2292 (lemnon
272 2224 517 2288 diiudicaverinr.
541 2223 664 2302 Quodsi
679 2226 991 2287 autemAristoteles
1002 2226 1043 2288 rle
1054 2231 1215 2297 mulierum

119 2336 241 2396 virtute
261 2339 296 2393 et
315 2324 596 2410 edocatione'quirl
619 2329 801 2410 scripserit,
833 2347 896 2397 oon
916 2328 1120 2395 dubitandum
1139 2347 1215 2393 esse

118 2441 269 2519 videtur,
300 2437 332 2500 id
360 2440 435 2520 quin
464 2435 768 2517 Theophrastus-io
801 2435 1018 2499 oeconomica
1050 2439 1217 2518 receperit.

120 2551 223 2613 Nunc.
237 2556 342 2610 autem
364 2545 396 2609 iu
416 2544 464 2607 eis
485 2543 527 2606 de
549 2543 702 2606 uxoribus
722 2541 941 2624 nihil-legitur,
962 2545 1047 2627 quod
1076 2545 1161 2609 idern
1182 2548 1215 2609 io

122 2659 249 2722 Ethicia
269 2668 303 2719 et
322 2655 470 2719 Politicle
490 2671 552 2717 non
574 2652 618 2714 ait
641 2661 696 2714 ant
711 2650 995 2731 significatumaut
1012 2653 1217 2735 explanatum

100 2781 102 2785 ·
205 2767 262 2829 Vl.
285 2766 437 2848 Sequitur
457 2771 679 2846 argumentum
702 2763 863 2840 quintuma
895 2760 971 2840 „nd
992 2763 1055 2826 hoc
1075 2765 1215 2844 ipsemet

123 2873 195 2934 Pol.
215 2872 288 2933 Vll.
308 2873 340 2932 ia
364 2873 526 2952 promittit,
547 2889 624 2934 sese
645 2869 800 2932 dicturum
818 2871 930 2932 iterum
952 2880 1103 2934 accurate
1122 2871 1163 2934 de
1183 2891 1219 2935 re

123 2979 281 3057 familiari,
306 2989 426 3060 quanta
453 2981 505 3042 illa
525 2987 670 3061 oporteat
699 2978 828 3040 esseio
850 2979 1009 3058 republica
1033 2980 1218 3046 lectissima.

125 3088 249 3150 Verum
271 3093 305 3149 et
324 3085 387 3148 hoo
408 3084 639 3152 desideratur.“
663 3085 868 3157 Politieorom
886 3086 969 3147 illurn
985 3086 1109 3167 quidem
1127 3107 1219 3168 quem

123 3192 237 3256 citavit
266 3191 370 3254 locum
392 3189 571 3265 adscriliam
592 3191 759 3272 integrum.
799 3176 935 3271 Illinc
956 3185 1062 3252 δὲκαὶ
1082 3188 1222 3276 μεγέθει

130 3287 292 3383 τοσαύτην
317 3288 404 3361 ὥστε
433 3283 598 3360 δύνασθαι
623 3286 700 3370 τούς
729 3289 895 3371 οἰκοῦντας
921 3292 979 3380 ζῆν
1006 3287 1222 3376 σχολάζοντας

125 3401 327 3491 ἐλευθερίοις
353 3397 427 3487 «ἅμα
466 3400 523 3467 καὶ
551 3391 740 3489 σωφρόνως.
796 3400 914 3466 iothor
942 3401 980 3468 δὲ
1011 3396 1068 3468 τόν
1088 3398 1165 3493 ὅρον
1192 3402 1224 3472 εἰ

127 3511 234 3588 καλῶς
253 3505 275 3597 ἢ
295 3503 341 3598 μή
362 3511 468 3588 καλῶς
487 3508 631 3596 λέγομεν,
651 3501 788 3596 ὕστερον
798 3505 1014 3577 ἐπισκεπτέον
1027 3506 1219 3601 ἀκριβέστε-

128 3642 201 3710 ρον,
233 3609 311 3682 ὅταν
332 3609 416 3694 ὅλως
441 3616 520 3706 περὶ
540 3607 686 3705 κτήσεως
703 3612 758 3680 καὶ
779 3615 839 3703 τῆς
858 3616 937 3704 περὶ
957 3610 1022 3704 τήν·
1036 3612 1149 3685 οὐσίαν
1169 3614 1223 3686 εὐ-

127 3724 247 3816 πορίας
267 3720 428 3811 συμβαίνῃ
448 3730 624 3791 ποιεῖσθαι
649 3723 775 3810 μνείαν,
804 3725 877 3802 πῶς
898 3726 952 3790 δεῖ
971 3724 1026 3790 καὶ
1046 3724 1118 3793 τίνα
1140 3719 1223 3815 τρό-

126 3861 193 3905 πον
219 3831 305 3920 ἔχειν
333 3826 418 3922 πρὸς
446 3826 504 3920 τὴν
534 3834 648 3922 χρῆσιν
677 3827 777 3924 orieris
803 3829 946 3922 (αὐτῆς).
999 3841 1095 3901 Ηοοσ
1122 3841 1217 3922 igitur

147 4039 177 4101 l)
194 4039 234 4091 De
250 4035 328 4089 verbi
344 4033 429 4102 ripalta
445 4036 472 4085 vl
489 4039 517 4085 et
533 4035 747 4099 algnitlcatlone‚
771 4048 850 4098 quom
868 4046 922 4083 noo
940 4034 1076 4098 cognitam
1097 4037 1223 4087 habuisse

196 4129 485 4196 videturconriugius‚
502 4130 536 4179 ol.
554 4129 616 4182 Oec.
629 4131 650 4180 1.
668 4129 695 4185 4.
713 4130 776 4194 Περὶ
793 4125 822 4177 δὲ
838 4123 945 4192 ὁμιλίας,
961 4125 1025 4194 μήθ·
1042 4126 1105 4181 ὥστε
1121 4129 1222 4182 δεῖσθαι

198 4222 262 4292 μήθ’
278 4219 308 4283 ὥς
325 4220 594 4276 onorem-rideretur
613 4219 752 4291 ἡσυχάζειν,
777 4217 833 4272 ‹iit’
849 4217 926 4281 οὗτος
941 4220 1040 4288 ἐθίζειν,
1056 4221 1119 4276 ὅσοι
1135 4222 1224 4289 inorme

127 4320 131 4329 '
197 4317 268 4386 iper
284 4315 407 4386 παρόντος
423 4320 464 4369 ael
480 4314 515 4384 μή
531 4314 662 4386 παρόντος.
