2730 4816
555 392 762 454 ..66-

62 601 66 615 ,
127 568 169 630 sit
189 556 392 647 βασιλευιός,
410 573 512 652 quetis
532 558 813 655 ἀριστοκρατικὸς,
832 574 934 653 quetis
950 559 1127 645 πολιτικός.
1150 572 1237 632 Bw·

18 736 22 743 ,
128 665 320 737 astemoe
340 683 438 755 ipitur
460 700 530 741 euru
553 700 623 740 esee
635 681 799 758 populum,
816 686 870 742 cui
888 687 1010 744 natum
1031 680 1238 759 resperserunt!

125 791 250 863 pentem
262 788 378 847 virtute
386 794 603 871 praestantem
615 775 696 872 πρὸ
703 807 721 860 ς
741 775 762 869 ἠ
770 807 814 869 γε
821 808 844 866 μ
854 781 975 849 ονίαν.
990 773 1188 869 πολιτική
1195 807 1215 846 ν
1222 807 1237 864 ,·

126 880 460 977 ἀριστοκρατικὰ
469 914 485 953 ν
513 902 617 955 autem
646 914 718 957 meu
747 897 901 973 poputum
928 901 985 976 qui
1005 896 1237 975 caturci-sciat

126 1003 241 1060 civium
270 1000 501 1073 multitudinem
533 982 720 1084 (mi-piot),
753 1006 810 1080 qui
839 1004 941 1071 tiberi,
956 1005 1100 1083 quidem,
1124 1009 1238 1065 tamen

28 1173 33 1178 ,
125 1126 243 1185 perere
263 1100 393 1184 possint
410 1112 465 1179 eie,
490 1113 546 1187 qui
566 1112 695 1183 virtute*
709 1111 776 1169 sint
799 1100 965 1187 principes
986 1096 1093 1192 πρὸς
1113 1103 1240 1169 πολι-

129 1203 245 1297 τικήν
265 1201 410 1299 ἅρχήν;
432 1205 652 1277 πολιτικόν
682 1237 755 1278 vcro
783 1237 854 1278 cum
881 1239 962 1283 esec,
980 1219 1155 1297 populum,
1176 1221 1240 1280 cui

130 1330 248 1385 notura
275 1328 353 1387 insit
379 1326 527 1387 ruilitnrie
558 1334 590 1387 et
618 1326 768 1388 bellicosa
800 1327 967 1398 multitudo
997 1333 1042 1388 ita
1065 1306 1239 1405 perscruta,

133 1437 172 1490 ut
188 1434 294 1508 poscit
320 1439 387 1492 tum
415 1452 534 1509 parere
559 1439 626 1493 tum
654 1436 812 1510 imperare
831 1435 1008 1492 seeundum
1030 1452 1099 1492 eam
1120 1432 1238 1509 lencm,

130 1561 213 1628 pune
240 1546 376 1621 copiosis
405 1546 538 1631 imperia
561 1549 621 1620 pro
651 1545 804 1620 dipnitcte
834 1541 1102 1619 distribuat.„18i
1133 1547 1240 1620 ipitur

136 1669 202 1712 unu
221 1669 301 1728 pene
323 1659 381 1720 out
399 1652 489 1712 bomo
511 1671 597 1713 uuus
619 1656 735 1725 virtute
756 1657 879 1711 loretum
907 1656 1069 1727 praestet,
1098 1656 1134 1710 ut
1164 1653 1241 1719 eine

130 1759 228 1831 unius
251 1760 352 1818 virtue
381 1757 516 1818 ulturum
539 1761 685 1818 virtutem
707 1761 815 1817 cinca!
837 1762 993 1829 otrentum,
1024 1760 1144 1830 iustum
1173 1762 1243 1835 eet,

135 1864 192 1924 tua
210 1883 293 1940 qens
314 1871 353 1926 ut
370 1867 415 1924 eit
434 1864 554 1941 repetis
574 1869 776 1944 omniumque
794 1848 917 1941 potens,
936 1870 969 1924 et
989 1864 1044 1924 ute
1062 1881 1148 1925 uuus
1161 1881 1239 1933 rem.

137 1970 211 2032 Hoc
235 1970 317 2033 enim
339 1974 458 2033 iustum
482 1988 557 2032 esse
579 1991 621 2035 ex
652 1991 763 2039 eorum
793 1968 886 2034 etiem
916 1972 1093 2049 sententie,
1123 1970 1177 2053 qui
1204 1970 1243 2032 in

135 2069 371 2166 ἀριστοκρατίᾳ
405 2080 620 2162 superioribus
663 2084 803 2165 virtute,
836 2083 866 2144 in
894 2069 1066 2166 ὀλιγαρχίᾳ
1095 2085 1145 2164 eis
1183 2081 1243 2163 qni

136 2186 251 2273 opibus
277 2201 460 2274 praestent,
490 2192 520 2253 in
547 2185 752 2276 ,δημοκρατίᾳ
780 2208 909 2252 numero
931 2189 1154 2271 superantibus
1176 2188 1244 2257 im·

138 2280 261 2387 perium
283 2302 384 2365 veiint
405 2303 609 2365 committere.
653 2302 722 2363 Teii
751 2317 829 2380 ergo
856 2299 947 2360 cives
976 2315 1090 2377 perere
1118 2295 1246 2358 debent

138 2409 225 2488 viro;
248 2429 352 2492 noque
375 2410 458 2472 enim
481 2410 566 2483 ilium
590 2419 643 2471 eut
665 2410 796 2473 eliorum
820 2406 974 2470 voluntati
993 2405 1152 2467 subiicere
1169 2394 1247 2465 liei-

141 2525 207 2579 tnm
219 2526 281 2595 ¹eet
302 2526 359 2579 eut
380 2518 541 2597 expellere
558 2525 614 2578 out
626 2516 814 2596 interimere.
839 2516 888 2576 Ac
901 2513 1020 2576 dictum
1036 2519 1087 2574 cst
1102 2527 1247 2591 regnum

140 2629 216 2703 quot
237 2620 354 2685 hebeat
377 2641 511 2705 genere,
534 2631 567 2684 et
588 2620 703 2703 quibus
727 2620 851 2702 populis
876 2617 1045 2698 conducet,
1067 2625 1100 2679 et
1121 2615 1248 2696 quibus

139 2747 202 2789 non
226 2727 385 2792 conducet
407 2749 540 2812 reguum
563 2730 593 2792 h.
616 2748 644 2792 o.
668 2730 783 2812 quibus
805 2737 911 2793 stetus
932 2729 1131 2811 optimatium
1156 2743 1246 2787 oon-

139 2834 222 2899 ierut
247 2845 302 2899 aut
323 2837 493 2930 populeris.

614 3005 872 3121 eud*

232 3173 278 3245 ¹[te
297 3172 383 3223 iibri
401 3173 447 3224 111.
464 3172 690 3237 integritate,
709 3173 835 3224 ordine
853 3177 886 3222 et
903 3171 1148 3235 dlepoeitione.

210 3305 322 3367 -hibro
345 3310 439 3369 tertio
462 3306 556 3369 nilum
583 3316 704 3388 portem
726 3304 854 3379 deesse,
877 3308 1087 3367 recentiorum
1102 3301 1250 3383 scripto-

145 3430 215 3474 rum
236 3430 329 3476 nemo
352 3417 486 3493 putavit.
530 3416 645 3497 Neque
668 3415 805 3495 capitum
828 3411 905 3474 ordo
936 3431 1072 3493 nuquam
1103 3418 1252 3474 mutntns

149 3528 212 3596 est,
235 3537 295 3581 nec
316 3523 427 3581 mnteri
448 3539 546 3601 posse
568 3521 701 3583 videtur.
745 3521 870 3582 Etenim
899 3537 939 3582 on
965 3537 1048 3600 quoe
1075 3518 1106 3580 in
1128 3519 1254 3581 nostris

149 3625 340 3690 editionibus
371 3639 421 3688 ost
448 3628 584 3706 cupitum
614 3628 716 3688 series
739 3637 771 3689 et
797 3627 894 3688 rebus
922 3631 1067 3690 tractetis
1096 3627 1255 3689 convenit

149 3745 186 3798 et
217 3735 348 3813 verbis,
380 3733 494 3815 quibus
525 3735 556 3795 in
588 3735 722 3816 singulis
753 3735 908 3814 capitibus
938 3754 1019 3818 quse
1050 3732 1255 3817 praecedunt

153 3851 449 3906 commemorentur.
610 3829 612 3834 ’
1099 3896 1100 3906 ,

236 3948 302 4007 lem
325 3945 520 4030 pergendum
542 3951 611 4008 erat
632 3944 673 4007 ed
696 3946 763 4007 iibri
786 3947 841 4008 ΙΙΙ.
864 3946 968 4008 finem.
1012 3944 1254 4026 (inpotentem

153 4058 294 4120 ultimum
317 4075 411 4139 quum
441 4054 686 4137 disputationem
718 4063 858 4116 nostrum
889 4053 1029 4117 deducet
1054 4054 1086 4114 in
1112 4049 1255 4117 medinm

155 4166 420 4247 controversiam,
442 4157 556 4246 postea
579 4162 797 4244 explicabitur.
834 4163 894 4224 [bet
913 4173 1020 4226 entem
1035 4147 1123 4224 'inter
1144 4157 1258 4223 bomi-

155 4294 215 4343 oes
238 4272 352 4356 doctos
375 4273 406 4335 in
425 4291 464 4333 eo
486 4272 718 4352 controversie,
