2730 4816
594 434 633 450 -
685 404 825 467 llb-

174 592 222 655 ltie
255 587 518 672 praeoedentibue
540 589 649 653 videre
676 588 767 667 lieet)
792 586 922 668 intelligi
949 585 1017 655 vult
1051 579 1278 670 δημοκρατίαν

175 706 208 760 et
227 685 424 780 ὀλιγαρχίαν.
455 698 562 777 Quare
576 695 684 758 verbis
700 695 770 757 istis
790 696 818 757 ei
835 691 1054 775 significantur
1062 694 1142 770 libri,
1158 694 1280 776 quibus

176 809 216 872 de
230 808 450 871 eorrstituenda
466 801 628 890 πολιτείᾳ,
642 799 845 889 δημοκρατίᾳ
861 813 893 865 et
904 791 1074 889 ὀλιγαρχίᾳ
1094 803 1281 885 expositum

176 925 237 979 ost.
285 917 331 977 Ar
361 936 440 978 vero
470 917 548 977 liber
568 921 683 976 sextus
706 914 764 975 nisi
788 912 958 975 eollooatnr
979 922 1052 975 ante
1077 912 1116 976 V.
1143 914 1184 973 δε
1205 913 1280 973 eolo

175 1016 594 1114 naboonlvn'raolarel
602 1043 624 1105 ᾳ
645 1033 719 1086 ante
740 1023 882 1086 instituta
903 1021 1074 1103 disputatio
1096 1028 1155 1086 est.

259 1124 347 1186 Vlll.
390 1123 571 1205 Sequuntur
582 1132 688 1186 antem
705 1125 734 1184 in
749 1123 860 1186 eodem
877 1124 1000 1204 eapite:
1024 1118 1091 1186 Καὶ
1110 1110 1150 1185 τδ
1170 1119 1280 1186 πολ-

176 1215 293 1301 λάκις
314 1218 482 1312 εἰρημένον
503 1220 655 1308 μέγιστον
667 1229 848 1307 στοιχεῖον,
863 1216 902 1289 τδ
919 1228 1030 1313 τηρεῖν
1049 1218 1142 1302 ὅπως
1161 1231 1279 1314 κρεῖτ-

177 1360 233 1403 τον
265 1329 357 1402 ἔσται
388 1328 427 1401 τό
455 1325 653 1419 βουλόμενον
682 1329 740 1423 την
773 1333 941 1401 πολιτείαν
973 1334 1105 1424 πλῆθος
1136 1337 1197 1402 τοῦ
1229 1333 1280 1427 μή

174 1441 382 1528 βουλομένου.
426 1451 490 1511 lem
519 1449 649 1528 saepius
681 1447 772 1530 igitur
800 1448 876 1511 dioit
905 1467 1063 1511 summum
1093 1448 1154 1510 boo
1176 1468 1277 1530 prae-

177 1565 300 1638 ceptum
329 1572 404 1618 esse
432 1564 719 1617 commemoratum.
762 1554 855 1633 Quod
885 1555 913 1616 si
942 1564 1048 1617 antem
1070 1555 1278 1618 Politieorum

176 1662 273 1749 libros
303 1667 356 1745 qni
378 1661 574 1743 praecedunt
602 1671 635 1725 et
663 1663 766 1746 capita
796 1667 985 1745 perscrutari
1016 1665 1173 1740 volneris,
1206 1670 1279 1729 eius

176 1775 369 1835 mentionem
393 1789 455 1831 non
477 1787 552 1831 esse
575 1769 701 1833 videbis
723 1773 784 1835 nisi
807 1792 870 1835 nno
891 1773 976 1853 loeo,
998 1776 1029 1835 in
1053 1772 1122 1834 Pol.
1144 1772 1203 1834 tv.
1228 1772 1280 1834 te.

166 1879 214 1943 ,1ο
241 1884 336 1940 sexto
358 1885 465 1937 autem
489 1877 567 1937 libro
590 1896 650 1938 non
674 1878 798 1960 solum,
827 1879 877 1940 ubi
902 1878 1194 1945 ‹leonastitnenda
1213 1875 1279 1964 δη·

175 1976 339 2069 μοκρατίᾳ
359 2000 465 2044 sermo
488 1991 562 2062 est,
590 1993 793 2067 praeceptum
821 1984 896 2047 illud
922 1986 1078 2067 profertur
1098 1985 1156 2049 aed
1180 1991 1278 2052 etiam

176 2093 207 2153 in
236 2082 546 2171 crepitationes
581 2084 733 2172 κτωμένῳ
760 2078 798 2152 τδ
823 2085 950 2177 τίμημα
976 2088 1126 2172 μετέχειν
1154 2086 1280 2171 ἐξεῖναι

175 2193 235 2271 τιῗς
255 2188 434 2272 πολιτείας,
454 2191 609 2258 τοσοῦτον
627 2190 836 2282 εἰσαγομένου
856 2196 916 2262 τοῦ
936 2187 1043 2286 (λη’μου
1062 2197 1199 2285 πλῆθος
1220 2191 1280 2264 διδ

177 2304 235 2371 τοῦ
246 2294 437 2390 τιμήματος,
451 2303 532 2385 μεθ’
544 2293 583 2370 οὗ
595 2304 778 2393 κρείττονες
789 2301 916 2372 ε”σονται
930 2307 994 2372 τῶν
1005 2300 1051 2396 μη
1063 2297 1279 2392 μετεχόντων.

180 2419 271 2498 Quos
308 2418 434 2503 quidem
477 2415 565 2482 locos
598 2419 791 2480 Aristoteles
823 2420 974 2481 memoria
1005 2422 1129 2500 tonuit,
1178 2439 1279 2502 qnnm

177 2525 331 2589 seriberet
352 2510 567 2596 πολλάκις.
586 2555 627 2567 -
641 2509 814 2585 Praeterea
837 2543 879 2586 ex
901 2524 1030 2606 reliquis
1052 2525 1171 2606 verbis,
1194 2545 1280 2609 quae

178 2630 305 2691 suntin
330 2630 441 2693 endem
464 2631 518 2692 illo
550 2628 673 2710 capito,
703 2628 799 2691 laeile
826 2629 956 2712 intelligi
986 2630 1062 2691 licat
1092 2648 1163 2691 eum
1193 2631 1281 2694 notia

181 2735 221 2801 de
243 2738 339 2800 rebus
361 2739 467 2801 dinero
490 2755 698 2822 magnamque
720 2745 841 2818 partem
859 2746 953 2800 antea
975 2737 1132 2800 traotatis.

272 2847 324 2906 Ao
354 2844 393 2906 de
425 2845 493 2907 libri
524 2844 581 2908 vt.
614 2847 813 2924 argumentis
845 2863 929 2926 qnae
962 2843 1115 2907 dicimus,
1126 2844 1282 2927 positivis

182 2947 426 3033 disputavimus.
471 2950 537 3015 Sed
566 2949 627 3012 hoo
654 2968 832 3033 quanquam
854 2950 1008 3033 probandi
1038 2955 1103 3015 vim
1127 2972 1280 3037 magnam

178 3058 374 3139 nonhabet,
397 3069 585 3120 tamennon
608 3059 787 3139 omiserim,
810 3058 894 3140 quod
917 3058 957 3122 ad
979 3054 1088 3122 librum
1112 3060 1169 3122 vt.
1191 3060 1279 3125 nulla
1347 3080 1349 3087 ·

180 3167 306 3229 omnino
327 3184 380 3229 res
400 3165 432 3229 in
454 3167 563 3246 quinto
586 3174 779 3227 reservatur.

262 3276 319 3336 tx.
362 3277 427 3338 lam
449 3292 529 3336 vero
550 3272 589 3337 ad
612 3273 721 3335 librum
739 3282 864 3336 sextam
885 3284 1096 3352 transeamus,
1121 3276 1215 3338 onina
1235 3275 1280 3339 de

180 3382 340 3444 enuntiato
358 3384 457 3465 primo
471 3402 567 3464 snpra
583 3384 666 3444 satis
690 3393 724 3444 nt
745 3384 879 3446 arbitror
900 3384 1116 3448 disseminans.
1145 3388 1281 3450 Secon-

179 3484 297 3550 dumet
318 3489 440 3549 tertium
461 3497 565 3550 autern
587 3506 670 3551 nune
691 3489 720 3549 in
738 3488 1002 3570 disceptationem
1026 3490 1171 3574 vocanda
1193 3502 1280 3554 snnt.

182 3591 291 3674 Quare
304 3614 342 3659 ea
353 3597 558 3660 transcribam
570 3598 715 3680 integra:
737 3585 832 3658 Ἐπεὶ
843 3590 880 3658 δὲ
895 3584 1068 3684 τετύχηκεν
1084 3595 1156 3684 είδη
1171 3591 1281 3661 πλείω

179 3695 399 3787 δημοκρατίας
420 3690 497 3764 ὄντα
519 3697 574 3764 καὶ
593 3698 658 3764 τῶν
677 3688 784 3765 δῖλλων
805 3689 927 3782 ὁμοίως
947 3699 1140 3781 πολιτειῶν,
1161 3691 1231 3784 ἅμα
1247 3709 1277 3780 ¹)

179 3829 216 3871 τε
238 3804 317 3895 περὶ
339 3803 468 3873 ἐκείνων
490 3807 522 3873 εί
541 3831 574 3872 τι
601 3796 727 3892 λοιπόν,
749 3796 788 3871 οδ
812 3811 921 3896 χεῖρον
943 3804 1195 3899 ἐπισκέψασθαι
1222 3807 1282 3875 καλ

177 3906 232 3979 τδν
259 3911 379 3980 οἰκεῖον
415 3914 470 3980 καί
506 3907 561 3980 τδν
587 3912 796 4002 συμφέροντα
826 3907 949 4003 τρόπον
976 3907 1158 3982 ἀποδοῦναι
1189 3911 1280 4008 πρδς

179 4013 325 4111 ἑκάστην.
360 4014 436 4088 ’Ἔτι
456 4022 494 4088 δὲ
515 4020 570 4088 καλ
591 4014 651 4100 τοὶς
676 4016 861 4109 συναγωγαῖς
881 4018 988 4090 αὐτῶν
1014 4025 1078 4090 τῶν
1099 4021 1281 4114 εἰρημένων

184 4178 469 4197 ψ

197 4278 228 4343 t)
248 4280 288 4330 tle
305 4279 355 4329 lrae
373 4291 441 4330 roae
458 4286 542 4344 potes
557 4281 659 4346 aliqum
675 4281 798 4333 tletarna
815 4294 883 4335 ann.
