2730 4816
256 344 275 390 ἱ

10 566 22 657 ff
99 605 292 687 omnium).
333 607 401 667 lent
423 602 671 684 disputationem
693 601 735 665 da
756 603 969 671 oeconomicts
990 604 1195 687 ingressurus

10 692 27 733 ⁸
71 727 73 731 ’
94 712 262 791 ίὸοοιοω
274 728 360 787 ,οεεο
382 718 492 794 nogat,
511 710 595 792 quod
610 710 662 773 alii
677 709 854 793 philosophi
866 712 1008 775 arbitrati
1019 713 1094 790 sint,
1109 709 1197 777 aton

94 822 175 884 iuter
195 839 233 883 se
254 819 401 882 diversos
422 836 483 881 non
508 834 582 879 esso
603 803 781 893 πολιτικόν,
790 805 970 897 βασιλικόν,
981 807 1193 900 οἰκονομικόν,
1254 818 1259 833 ”
1299 822 1303 831 ’

92 913 297 992 ὀοσποιιιιόν.
340 925 404 1004 Qui
426 922 585 1006 quomodo
607 923 691 986 iuter'
709 941 749 986 se
770 923 931 1008 differant,
951 925 1193 1006 considerandis

93 1035 236 1099 civitais
257 1033 428 1097 elementis
447 1030 640 1111 videbimus,
663 1039 696 1093 ct
711 1031 831 1114 ecquid
850 1023 997 1111 τεχοιιιόι
1018 1034 1059 1097 de
1078 1035 1191 1111 horum

92 1160 218 1226 quoque
241 1139 388 1222 indagari
406 1139 511 1219 possit
533 1138 617 1212 (Pei.
637 1139 662 1199 t.
686 1138 740 1212 1.).
769 1185 778 1191 .
834 1172 838 1177 -

174 1250 328 1330 itaquae
349 1245 450 1326 prime
471 1248 703 1326 congressione
730 1247 827 1309 maris
855 1253 889 1308 et
916 1246 1055 1313 feminae
1076 1249 1192 1328 naioth

66 1377 112 1434 ,ι
133 1355 286 1440 progenie
308 1363 341 1417 et
362 1354 554 1436 cognatione
575 1371 683 1434 orsus,
698 1386 701 1392 ·
715 1370 756 1415 ex
777 1370 816 1415 eo
839 1353 921 1434 quod
944 1356 1074 1440 familie,
1097 1362 1190 1427 cuiue

90 1464 165 1529 unis
189 1473 222 1526 et
241 1462 396 1553 perfectio
417 1470 469 1524 cst
490 1461 623 1541 civitas,
655 1469 771 1523 nature
793 1470 863 1524 orta
892 1471 964 1545 est,
978 1464 1192 1537 «demonstrat

91 1582 215 1653 natura,
236 1590 300 1633 nce
320 1570 478 1635 hominum
502 1569 685 1635 inventione
706 1571 848 1655 existere
868 1570 1050 1654 civitatem,
1078 1575 1191 1638 Femi-

92 1681 168 1743 iiam
196 1687 304 1742 autem
341 1679 552 1762 singulosque
581 1677 727 1740 hunnines
758 1662 859 1761 φύσει
888 1680 1081 1758 posteriores
1113 1701 1190 1746 csse
1282 1680 1285 1689 ’

91 1791 179 1864 dicit,
202 1809 296 1872 quam
319 1789 490 1851 civitatem.
511 1870 514 1876 Ι
541 1788 626 1850 Natu
654 1785 774 1849 familie
799 1804 894 1866 quum
923 1787 967 1849 sit
993 1806 1089 1870 para,
1122 1798 1204 1854 toto¹

91 1899 227 1978 subiato,
245 1898 381 1987 tollitur3
403 1908 436 1958 ct
449 1915 544 1978 quum
559 1897 605 1958 sit
615 1897 755 1960 civitatis
779 1914 865 1976 pars,
885 1897 976 1978 quasi
998 1897 1094 1986 tinctu
1117 1921 1192 1967 eam

91 2006 124 2071 in
152 2024 192 2069 se
218 2005 371 2092 inclusam
403 2012 499 2070 tenet.
549 2004 751 2083 Quare‘sine
775 2013 846 2068 ,toto
869 2023 930 2068 noc
950 2003 1189 2091 eihstetten,

92 2131 152 2177 uec
178 2113 306 2176 omnino
334 2128 409 2192 pars
438 2118 507 2191 ost,
539 2129 637 2193 quum
666 2121 774 2177 atoto
797 2110 955 2176 disiuncta
976 2114 1077 2194 partis
1105 2098 1188 2197 opus

91 2222 223 2286 efficere
244 2241 307 2285 nou
328 2221 439 2303 possit.

174 2330 256 2393 Dein
278 2329 323 2391 ita
343 2327 384 2390 ad
404 2327 594 2408 rom-ipsam
616 2325 746 2407 propius
773 2323 917 2406 accedit,
948 2335 982 2389 ut
1007 2328 1187 2410 simplicem

90 2424 230 2503 civitatis
251 2445 393 2519 partem,
421 2435 598 2517 familiam,
630 2431 753 2495 dividat
775 2432 806 2493 iu
826 2431 1006 2515 elementa,
1036 2437 1089 2516 qui
1111 2446 1187 2500 suut

90 2552 387 2627 metuerem,
410 2551 532 2608 conduc
553 2553 585 2606 et
606 2565 702 2618 uxor,
722 2550 816 2623 pater
837 2551 869 2605 et
888 2545 989 2617 liberi.

174 2654 314 2735 Quorum
337 2653 565 2718 oletncntorum
587 2649 661 2733 quid
683 2648 831 2731 quotque
857 2649 901 2710 sit
926 2657 960 2711 et
988 2652 1082 2731 quale
1112 2669 1189 2714 esse

90 2771 254 2842 oportent,
285 2763 450 2843 deinceps:
470 2761 576 2824 dicere
605 2761 766 2826 constituit
794 2761 825 2823 iu
854 2761 1119 2843 disputationibus
1148 2762 1189 2826 dc
1224 2747 1227 2751 ’

91 2863 281 2950 δεσποτικῇ,
296 2867 478 2955 depoposci,
495 2849 535 2933 tie
547 2865 701 2954 πατρικῇ.
726 2868 864 2931 Accedit
884 2878 992 2932 autem
1014 2887 1068 2932 res
1091 2870 1188 2933 fami-

91 2974 178 3036 iiaris
192 2974 352 3055 quasiiV.
366 2975 524 3057 quoddam
545 2979 747 3056 elementum,
776 2977 806 3037 iu
828 2965 931 3056 quop‘
951 2966 1188 3066 χρηματιστικῇ

90 3088 246 3144 versetur.
289 3081 382 3160 Quae
400 3099 496 3163 quum
518 3084 589 3145 otiis
608 3087 680 3164 ipsa
699 3073 867 3159 οἰκονομία
888 3098 986 3160 esse,
1019 3082 1088 3144 attia
1116 3087 1188 3144 etus

90 3205 166 3271 pars
179 3191 328 3253 -maxime
350 3187 507 3277 videatur,
522 3173 680 3270 quomodo
694 3204 731 3250 se
746 3187 863 3249 habeat
878 3186 1110 3251 consideranda
1126 3202 1187 3250 cst.

584 3347 613 3415 ς,
635 3339 688 3405 21.

541 3459 581 3509 De
599 3455 741 3520 δεσποτικῇ.

172 3554 313 3618 Primum
335 3553 430 3637 igitur
451 3570 548 3636 quum
568 3555 612 3615 sit
633 3549 674 3615 dc
695 3549 772 3611 haro
794 3557 825 3611 et
846 3567 944 3611 servo
957 3549 1138 3629 dicandum,
1153 3561 1186 3614 et

90 3674 195 3730 utrum
218 3684 300 3749 opus
326 3664 368 3729 sit
395 3670 504 3729 servis
532 3685 635 3729 necue
663 3662 787 3746 queerit
800 3704 812 3743 ,
837 3662 881 3723 'ct
906 3664 1021 3744 ecquid
1051 3664 1091 3726 tic
1122 3668 1185 3746 eis,

105 3867 138 3924 o)
155 3865 241 3932 Quam
259 3865 524 3917 Schletermacherus
541 3867 613 3924 (zur
630 3852 799 3926 etttoioputc
817 3848 858 3913 iu.
875 3876 901 3925 p.
919 3861 999 3922 ott.)
1018 3862 1042 3910 tt.
1056 3862 1077 3910 Ι.
1091 3863 1184 3915 deam
1280 3848 1284 3856 ’

152 3964 233 4022 putat
250 3961 309 4011 Etit-
327 3966 354 4012 et
371 3960 430 4011 Pei.
448 3958 673 4020 coniunctionem,
691 3972 724 4009 ea
741 3963 782 4008 ast
799 3958 824 4006 in
843 3958 899 4006 Pei.
918 3956 1058 4018 procantu
1075 3955 1093 4009 i.
1112 3972 1134 4010 a.
1155 3959 1183 4010 tn
1254 3954 1256 3957 ’

156 4048 250 4100 ultimo
268 4050 437 4114 usucaptis.
456 4049 622 4099 Aristoteles
640 4047 663 4098 si
681 4047 742 4098 item
761 4047 787 4096 tn
798 4046 855 4095 Pol.
867 4048 884 4094 t.
896 4048 930 4095 ad
939 4046 1001 4096 titt.
1011 4049 1183 4116 respexisset,

154 4139 251 4190 nimine
269 4134 373 4192 suisset.
391 4166 423 4177 -
441 4138 517 4206 Quae
535 4141 566 4189 de
583 4137 696 4188 diversis
716 4126 893 4188 societatibus
917 4148 1062 4199 urumque
1085 4139 1183 4190 fluibus

155 4232 181 4282 tt.
195 4232 216 4282 1.
233 4222 396 4284 desideravtt
413 4231 577 4298 conringtue
594 4231 692 4292 (Aust.
709 4229 768 4281 Pet.
786 4227 849 4279 libet
865 4233 943 4292 sup.)
957 4230 1059 4295 'legere
1074 4239 1186 4293 poterat

155 4321 216 4373 titt.
234 4320 295 4374 Mc.
310 4323 384 4376 vtlt.
401 4323 448 4378 11.

932 4414 976 4476 “3
