2730 4816
604 427 830 490 *lid-

146 604 412 686 ospitieoiausula
433 604 474 669 de
494 605 565 670 iooo
578 605 704 674 demota
717 621 769 674 est
789 628 853 674 uno
866 627 939 674 cum
962 611 1040 675 iiiro
1060 621 1164 676 sexto.
1188 614 1249 678 nrt

146 710 230 773 enim
259 711 358 777 haece
379 699 489 775 Πόσαι
508 707 569 793 μὲν
589 700 646 777 οὖν
666 712 825 803 διαφοραί
845 714 901 780 καὶ
919 710 1005 793 τίνες
1026 717 1086 782 τσῦ
1109 738 1147 783 τε
1166 722 1249 800 βου·

147 818 297 886 λεντικοῦ
317 815 372 886 καί
395 818 507 908 κυρίου
527 819 587 907 τῆς
606 819 775 900 πολιτείας
802 822 858 888 καί
881 821 941 910 τῆς
962 823 1042 912 περί
1061 815 1122 902 τοὶς
1143 816 1250 914 ἆρχοὶς

144 919 272 1008 τόξεως
291 927 347 993 καί
368 927 447 1016 περί
475 928 691 1017 δικαστηρίων
711 929 765 995 καί
795 934 877 996 ποῖα
908 924 994 1021 πρός
1021 933 1120 1000 ποίαν
1138 932 1249 1000 συντί-

145 1060 261 1102 τακται
281 1034 451 1102 πολιτείαν
472 1083 621 1108 .......
640 1039 768 1138 εἴρηται
789 1031 958 1136 πρότερον.
1002 1042 1094 1125 Qute
1118 1047 1246 1129 quidem

148 1152 249 1212 verba
269 1167 363 1231 quum
382 1160 478 1213 sexto
495 1168 566 1213 cum
588 1151 665 1214 libro
687 1171 748 1213 nou
772 1155 837 1216 sint
858 1157 1039 1235 coniuncta,
1061 1157 1132 1217 eius
1147 1174 1246 1218 exor-

143 1255 666 1340 dinmnuiiomodoessepossunt.
689 1259 774 1320 Nam
798 1261 990 1322 Aristoteles
1009 1261 1095 1323 eiad
1116 1260 1247 1324 exordi-

103 1364 110 1383 ‘
148 1363 262 1426 endam
284 1383 400 1427 novem
425 1364 668 1447 disputationem
688 1384 740 1428 res
759 1364 800 1427 de
821 1366 936 1448 quibus
957 1366 1037 1430 dixit
1059 1369 1248 1451 compieoti-

142 1482 217 1550 tur,
251 1458 412 1556 πρότασιν
442 1474 584 1554 incipere
619 1474 704 1536 soiet
741 1472 961 1537 coniunctione
986 1467 1072 1536 ε’πελ
1116 1476 1245 1541 novera

145 1600 218 1644 eum
241 1580 324 1644 idem
348 1581 410 1644 hoo
428 1583 500 1645 loco
521 1581 641 1645 fecisse
661 1582 776 1646 video:
804 1571 895 1646 Ἐπεὶ
913 1577 951 1647 oi
971 1572 1145 1669 τετύχηκεν
1171 1581 1244 1672 εἴδη

146 1687 252 1756 πλείω
280 1687 503 1778 δημοκρατίας
523 1680 601 1755 ὄντα
628 1714 656 1759 κ.
676 1714 705 1757 τ.
728 1688 755 1755 λ.
798 1698 977 1775 Antequam
1007 1695 1047 1757 ed
1070 1697 1180 1759 iibruru
1202 1690 1255 1760 V.

149 1800 410 1884 transgredimur,
442 1801 717 1864 commemoranda
739 1821 814 1866 esse
836 1802 985 1867 videntur
1007 1805 1131 1883 verba,
1162 1821 1245 1887 quse

144 1913 294 1992 teguntur
321 1913 351 1973 iu
373 1912 441 1974 Pei.
466 1912 523 1974 tv.
548 1911 595 1973 tr.
624 1899 689 1994 Ῥην
708 1904 847 1973 δἀίτίαν
866 1900 1003 1997 ὕστερον
1021 1905 1056 1973 ἐν
1074 1910 1146 1984 τοῖς
1166 1907 1246 1997 περί

141 2007 203 2092 τοὶς
221 2008 408 2099 μεταβολιλς
427 2015 492 2080 τῶν
519 2013 695 2081 πολιτειῶν
725 2013 870 2102 ε’ροῦμεν.
913 2021 975 2082 His
997 2020 1079 2084 enim
1099 2031 1162 2084 tum
1184 2040 1243 2085 ae-

139 2129 272 2207 curatis,
291 2137 421 2211 tamque
440 2127 597 2191 distinctis
618 2129 724 2190 verbis
748 2129 941 2190 Aristoteles
962 2145 1041 2190 usus
1069 2144 1132 2192 non
1154 2127 1240 2191 iuis·

138 2248 201 2316 set,
225 2239 255 2299 si
275 2244 423 2319 quattuor
443 2237 598 2318 capitibus
619 2240 825 2318 interpositis,
858 2239 915 2301 tv.
938 2237 1016 2302 libro
1035 2235 1242 2304 adiuncturus

138 2345 254 2408 fuisset
275 2345 317 2408 V.
340 2344 382 2408 de
402 2344 565 2406 civitatum
586 2345 861 2408 conversionibus.

242 2456 300 2518 Vi.
333 2455 399 2518 iam
428 2453 621 2517 accedamus
655 2453 695 2518 ad
723 2454 834 2518 tibrum
865 2453 907 2517 V.
938 2452 1041 2517 cuius
1073 2453 1240 2517 confirmat

139 2564 243 2647 ipsum
269 2563 454 2643 exordium,
475 2564 586 2627 librum
612 2562 671 2626 Vi.
693 2566 724 2626 ei
744 2581 821 2625 esse
842 2561 1113 2644 anteponendum:
1133 2556 1242 2645 Περί

136 2656 299 2752 μὲνοῦν
326 2667 405 2734 τῶν
432 2660 570 2733 ἄλλων
598 2657 651 2732 ὦν
681 2654 978 2755 προειλόμεθα
1010 2653 1162 2746 σχεδόν
1181 2663 1239 2730 ti·

139 2797 262 2859 ρηται
280 2774 384 2863 περί
404 2765 584 2842 πόντων
612 2771 649 2841 ἐκ
675 2771 771 2841 τίνων
792 2772 830 2838 δὲ
849 2763 1107 2857 μεταβάλλουσιν
1135 2818 1144 2836 .
1166 2818 1175 2836 .
1196 2817 1206 2836 .
1230 2821 1238 2840 .

138 2879 297 2945 σκεπτέον
318 2877 441 2969 ἐφεξῆς
460 2886 532 2960 τοῖς
550 2879 741 2972 είρημίνοις.
787 2887 913 2949 Dictum
936 2902 1011 2946 esse
1033 2888 1078 2946 ait
1098 2883 1138 2946 de
1159 2883 1234 2946 aiiis

137 2991 233 3053 rebus
254 2990 411 3072 omnibus,
432 3011 514 3074 quoe
533 3004 609 3057 suot
623 2996 803 3078 propositae
822 2995 869 3067 (in
886 2993 953 3058 Pei.
970 2992 1026 3054 iV.
1039 2991 1102 3071 ²³3
1123 2991 1238 3074 quibus

134 3107 240 3162 sutem
263 3096 304 3162 de
326 3102 436 3165 nausis
457 3102 605 3165 dvitates
625 3111 863 3184 evertentur,se
876 3101 938 3163 iam
953 3096 1236 3161 consideraturum.

136 3212 182 3268 At
192 3226 286 3290 quum
299 3207 340 3270 de
357 3210 589 3273 constituendis
603 3199 805 3293 ὀλιγαρχίαις
825 3218 859 3271 et
879 3201 1113 3293 δημοκρατίαις
1127 3206 1235 3271 dicere

134 3314 193 3378 sibi
205 3317 413 3399 proposuerit,
434 3315 581 3380 derebus
603 3325 709 3380 autern
723 3312 840 3380 dictum
855 3317 898 3379 sit
910 3316 1073 3394 omnibus3
1088 3317 1235 3379 enetianr

67 3413 72 3423 ’
135 3421 176 3485 de
195 3442 230 3484 re
258 3424 451 3504 disputatum
481 3433 542 3487 est.
585 3422 694 3502 Quare
722 3423 802 3485 iiber
824 3423 882 3486 Vi.
905 3426 935 3486 in
958 3441 1021 3504 quo
1044 3425 1124 3487 haec
1149 3425 1237 3487 inest

133 3526 307 3610 disputatio
330 3532 453 3612 positus
474 3531 515 3594 ab
536 3530 712 3594 Aristotele
733 3538 786 3595 est
807 3539 883 3593 ante
904 3530 1012 3594 librum
1036 3530 1078 3593 V.

216 3637 290 3701 Vii.
310 3641 346 3700 in
367 3637 410 3701 V.
432 3639 461 3704 9.
483 3639 635 3722 teguntur
657 3637 755 3703 haec:
773 3625 901 3712 Ἀπλιδς
920 3633 958 3702 δὲ
978 3628 1042 3702 ὅσα
1073 3633 1113 3701 ἐν
1146 3638 1236 3712 τοῖς

131 3733 278 3825 νόμοις
298 3735 817 3832 ιόςσυμφίρονσαλέμομενταῖς
836 3743 1092 3825 πολιτείαις,
1103 3737 1234 3810 ἅπαντα

129 3849 232 3915 ταῦτα
258 3841 358 3932 σώζει
385 3843 446 3928 τοὶς
477 3851 655 3930 πολιτείας.
699 3845 806 3938 Νόμοι
834 3858 918 3921 nulio
946 3857 1039 3920 modo
1062 3856 1234 3939 quidquam

130 3962 215 4026 aiiud
238 3963 390 4029 hocloco
411 3963 592 4047 significare
623 3975 769 4047 possunt,
792 3984 887 4047 quern
909 3964 1002 4046 leges
1037 3963 1149 4046 quihus
1185 3965 1234 4028 ci·

129 4071 247 4135 vitates
267 4067 464 4161 (πολιτεῖαι)
487 4071 728 4140 constituuntur.
773 4070 876 4153 Quum
900 4082 1005 4136 autem
1025 4072 1110 4136 dicat
1131 4069 1231 4136 πολι-

127 4173 237 4258 τείας,·
248 4181 768 4265 nonmodopoputariagonerased
782 4182 877 4244 etiam
887 4181 936 4262 (id
944 4181 1028 4263 quod
1040 4184 1092 4244 voi
1103 4201 1144 4245 ex
1152 4200 1231 4245 ver·
