2730 4816
527 447 754 511 ..109-

93 636 229 718 eligendi
252 641 283 700 in
308 635 442 719 singuiis
464 634 660 717 civitatibus,
686 644 720 696 et
742 633 854 716 quibus
883 629 923 696 de
955 632 1050 696 rebus
1072 635 1119 696 eis
1141 624 1194 697 iri-⁶

97 745 211 808 dicium
233 748 275 808 sit
297 743 566 809 committendum.

176 856 242 914 iem
264 853 304 914 sd
334 846 711 933 diminutionem-'ipsam
742 850 998 932 progrediemur3
1030 849 1088 913 sed
1117 860 1192 925 ente¹

96 962 167 1024 eliis
191 959 349 1023 derebus
372 958 538 1021 dieendunr
562 967 629 1035 τοῖς
649 965 682 1018 et
704 959 835 1038 primum
861 958 986 1040 quidem

594 1191 623 1258 §-
646 1186 697 1247 63.

467 1342 504 1390 De
523 1339 581 1389 iibri
599 1339 646 1389 iv.
665 1334 828 1401 integritate.

183 1493 270 1556 Libri
283 1494 341 1556 tv.
357 1502 453 1575 eaput
468 1495 496 1554 V
501 1494 541 1555 11.
561 1495 591 1555 in
609 1511 671 1574 quo
691 1492 731 1554 de
752 1479 1005 1575 ἀριστοκρατίας
1026 1485 1195 1568 generibus

100 1600 278 1682 disseritur,
300 1604 459 1686 integrum
489 1620 565 1664 esse
599 1601 731 1682 negavit
754 1601 956 1681 Contingius.
1005 1599 1084 1658 Earn
1114 1595 1196 1655 enim

25 1794 28 1798 Α
101 1714 341 1794 disputationem
365 1717 541 1777 breviorem
565 1732 641 1776 esse
663 1713 750 1775 dixit.
779 1715 822 1774 At
842 1729 921 1771 vero
942 1709 982 1772 ed
1006 1727 1075 1769 eum
1096 1722 1197 1767 τοσο-

101 1821 190 1899 dunt,
213 1840 296 1903 qnee
315 1822 355 1884 de
377 1819 531 1906 πολιτείᾳ
552 1824 756 1904 disputentur
775 1837 866 1900 eupp.
892 1818 946 1879 ΙΧ.
972 1826 1005 1877 et
1025 1816 1081 1877 ΧΙ.
1105 1812 1198 1890 Quae

45 1956 50 1965 ·
103 1928 213 1991 endem
227 1929 268 1991 sd
279 1918 532 2015 ἀριστοκρατίας
544 1932 712 2010 pertinere,
725 1935 912 2009 argumento
926 1933 1017 2018 suntr
1030 1922 1099 1986 Pei.
1109 1921 1199 1982 Wdi.

106 2027 186 2097 Τίνα
206 2031 265 2116 μὲν
285 2025 340 2099 οὖν
359 2026 483 2125 τρόπον
505 2037 558 2101 δεῖ
578 2026 775 2102 καθιστάναι
798 2029 981 2117 πολιτείαν,
1016 2023 1138 2114 ὁμοίιος
1160 2026 1199 2093 δὲ

102 2139 156 2206 καί
175 2133 237 2218 τοὶς
255 2135 496 2226 ὀνομαζομένας
523 2136 792 2230 ἀριστοκρατίας,
820 2144 874 2208 νῦν
901 2143 1036 2231 είρρταιὍ
1067 2151 1100 2205 et
1129 2141 1198 2204 Pni.

104 2254 162 2315 tv.
189 2255 234 2316 lt.
257 2249 324 2315 Καὶ
351 2243 413 2340 γάρ
442 2242 483 2328 ἀς
509 2250 643 2317 καλοῦσι
670 2245 937 2341 ἀριστοκρατίας,
964 2249 1044 2336 περὶ
1073 2240 1117 2314 ὦν
1145 2247 1200 2313 νῦν

104 2356 253 2441 είπομεν,
273 2352 316 2423 τά
331 2359 391 2442 μὲν
412 2358 561 2449 ίξοντίρτο
575 2357 741 2427 ’πίπτουσι
757 2364 833 2438 ταῖς
857 2355 1029 2435 πλείσταις
1048 2355 1113 2421 τῶν
1134 2345 1201 2420 πό·

104 2463 197 2546 λεων,
217 2457 260 2529 τά
281 2464 318 2529 δὲ
338 2465 498 2550 γειτνιῶσι
520 2467 562 2555 τῇ
582 2466 762 2554 καλουμένῃ
784 2463 948 2552 πολιτείᾳ
969 2456 1022 2528 διὰ
1036 2460 1114 2550 περί
1130 2453 1197 2544 ἀμ-

104 2578 182 2663 φοῖν
202 2567 248 2652 οἷς
269 2574 349 2660 μιᾶς
369 2574 510 2642 λεκτέον.
552 2583 588 2644 ln
612 2591 757 2662 promptu
779 2589 853 2642 sunt
872 2579 933 2642 1οοί
956 2578 1017 2640 ulii.

187 2687 273 2751 idern
295 2687 489 2772 Contingius
511 2689 668 2771 capitibus
683 2687 908 2752 xv.erxv1.
924 2687 1121 2749 existimavit
1143 2681 1205 2746 de·

105 2810 179 2853 esse
199 2793 303 2860 flnem.
327 2798 452 2858 Etenim
475 2814 543 2877 στρ.
556 2797 630 2860 XV.
647 2797 785 2859 mutilum
809 2812 884 2857 esse
905 2793 1103 2875 comprobari
1125 2812 1205 2855 ver-

109 2898 175 2974 bis,
204 2917 287 2980 quae
315 2905 383 2964 eius
411 2905 472 2966 snb
498 2906 593 2968 finem
616 2906 778 2986 ieguntnrr
800 2897 872 2965 τίνα
893 2897 933 2964 δὲ
951 2895 1021 2963 τίοι
1041 2896 1205 2985 συμφέρει

108 2999 164 3065 καί
189 3001 261 3078 πῶς
288 3003 343 3067 dei
366 3001 518 3088 γίνεσθαι
545 3000 606 3084 τάς
626 2999 840 3083 καταοτάσεις
862 2999 932 3089 ἅμα
952 3007 1028 3080 ταῖς
1048 2995 1206 3085 δονάμεοι

107 3107 173 3172 τῶν
193 3101 302 3197 ἀρχῶν
322 3110 377 3176 καί
397 3107 484 3189 τίνες
504 3110 596 3195 εἰσίν,
613 3110 704 3180 ἔσται
720 3104 870 3203 φανερόν.
893 3119 944 3179 De
957 3117 1069 3198 quibus
1081 3125 1207 3196 postea.

109 3222 295 3286 'l'errenduur
326 3233 529 3304 retentem,
559 3227 612 3288 iiio
641 3226 767 3308 quidem
798 3227 829 3288 in
857 3226 962 3308 cupite
985 3224 1058 3286 nihil
1082 3225 1206 3286 omnino

109 3329 290 3394 desiderari.
313 3334 379 3394 lem
397 3333 705 3415 verenteup.XV1.
720 3352 776 3416 pro
796 3333 904 3396 mutilo
919 3332 1063 3411 haberet,
1086 3330 1208 3394 duabus

110 3441 307 3521 potissimum
329 3442 488 3505 adductus
509 3452 560 3506 est
580 3443 765 3506 rationibus.
788 3443 931 3522 Quarum
954 3459 1015 3504 nna
1036 3449 1100 3521 est,
1122 3438 1205 3522 quod

109 3550 324 3625 „Aristoteles
345 3569 405 3612 non
418 3550 616 3634 disseruerit,
628 3569 713 3633 qnae
723 3550 839 3613 indicia
850 3552 985 3633 singuiis
998 3551 1208 3613 convenirent

112 3658 413 3739 rerumpublicarum
427 3660 568 3722 formis.“
595 3660 736 3742 At‘quee
748 3666 825 3741 'rupte
842 3659 905 3722 sint
926 3658 967 3721 ud
990 3650 1210 3741 δημοκρατίαν

109 3763 238 3849 indicis,
262 3783 345 3847 qnae
368 3767 408 3829 eri
430 3756 634 3852 ὀλιγαρχίαν,
656 3757 916 3853 ἀριστοκρατίαν,
937 3759 1116 3840 πολιτείαν,
1138 3765 1208 3845 ipsu

112 3874 221 3936 ultime
243 3886 469 3938 nommemoret
490 3876 585 3939 huius
606 3876 718 3956 eapitis
740 3877 909 3939 enuntiato.
933 3872 1126 3956 Contingius
1148 3890 1211 3934 en·

113 3994 176 4048 tem
206 3986 232 4047 si
262 3992 424 4068 speravit,
455 3988 523 4051 fore
550 3997 585 4051 ut
606 4006 667 4050 sua
691 3989 805 4069 unique
827 3984 943 4048 indivia
964 3982 1211 4046 attribuerentur

114 4088 336 4178 δημοκρατίας
364 4097 475 4176 generi
506 4103 540 4157 et
573 4082 761 4179 ὀλιγαρχίας
791 4101 825 4155 et
857 4080 1126 4177 ἀριστοκρατίας,
1157 4091 1209 4152 ni·

113 4203 193 4263 mins
215 4201 283 4264 init.
328 4204 469 4265 Alteram
491 4203 643 4264 rationem
659 4218 742 4264 esse
763 4199 860 4278 dixit,
885 4198 968 4281 qnnd
990 4219 1071 4276 „nou
1087 4199 1209 4262 soienni

114 4308 290 4389 entnpnnue
312 4309 504 4371 Artstuteies
524 4309 698 4372 emtionem
720 4306 956 4373 ennetnderet“
979 4309 1051 4372 Ηοο
1071 4305 1212 4370 cerrin-
