2730 4816
165 616 250 681 quae
280 616 387 660 corum
422 615 519 678 opera
552 613 647 658 unum
680 598 712 657 in
746 594 903 658 bominem
937 593 1072 657 conierri
1102 594 1266 675 possunt!

166 711 272 790 Quum
295 714 433 792 optimae
462 708 653 791 reipublicae
680 705 803 771 civibus
833 717 1080 770 consentaneum
1109 708 1152 768 ait
1181 708 1269 770 bane

165 816 324 898 beateque
354 819 468 879 vivere
496 815 673 879 secundum
702 817 871 880 virtutem:
904 834 1015 879 omnes
1043 833 1180 878 necesse
1210 825 1267 878 est

166 923 298 986 civitate
319 930 500 1000 arceantur,
519 940 651 1003 quorum
672 921 715 983 sit
734 922 800 983 vita
821 920 968 1003 ignobilis
987 921 1161 1003 virtutique
1180 937 1268 982 con·

164 1036 272 1093 traria
316 1032 412 1111 Atqui
434 1031 477 1092 ita
499 1039 683 1111 comparata
704 1030 771 1092 vita
793 1030 947 1091 artificum
972 1039 1024 1092 ost
1042 1037 1077 1090 et
1096 1027 1266 1110 agricola·

164 1158 242 1202 rum.
284 1139 400 1220 Neque
424 1158 501 1201 vero
525 1139 593 1201 lieri
615 1149 732 1220 potest,
755 1147 788 1199 ut
810 1141 865 1219 qui
886 1138 1018 1199 iuvenes
1039 1137 1138 1198 vitam
1160 1153 1266 1217 agre·

164 1254 247 1307 stem
271 1228 444 1327 degerunt,
475 1255 582 1307 aetate
614 1243 825 1326 procedentes
847 1242 937 1305 cives
959 1244 1099 1307 existant
1118 1242 1265 1325 perlecti.

165 1351 315 1415 Perfecta
336 1356 418 1414 enim
441 1352 544 1415 virtus
564 1351 694 1434 requirit
714 1350 811 1412 otium
834 1359 865 1411 ct
888 1349 1157 1412 exercitationem.
1191 1350 1263 1411 bli-

166 1459 242 1520 lites
267 1476 357 1533 vero,
380 1458 457 1520 iuris
491 1456 728 1538 disceptatores
757 1462 791 1517 et
824 1464 1010 1535 senatores,
1041 1454 1094 1536 qui
1121 1455 1268 1534 inprimis

164 1564 227 1625 sint
248 1562 440 1643 reipublicae
469 1563 663 1643 participes,
693 1559 824 1623 eosdem
854 1577 929 1621 csse
951 1560 1118 1622 Aristoteli
1141 1559 1261 1642 placet,

164 1688 269 1752 neque
291 1679 396 1732 tamen
419 1687 530 1731 ornnes
551 1677 660 1731 aetate
680 1666 818 1730 eosdem.
860 1668 976 1748 Neque
996 1665 1079 1729 onim
1099 1668 1153 1750 qui
1172 1687 1265 1731 arma

164 1785 274 1839 tenent
295 1795 423 1857 semper
442 1794 554 1857 parere
572 1776 699 1854 volunt3
719 1784 771 1837 est
793 1778 897 1837 auterb
919 1777 950 1838 in
970 1795 1078 1839 eorum
1096 1784 1264 1858 potestate

165 1885 291 1948 civitas.
336 1885 444 1961 Quare
465 1886 519 1966 qui
542 1884 621 1947 virili
643 1892 749 1946 aetate
771 1884 886 1945 milites
908 1884 1052 1966 fuerunt,
1076 1887 1176 1947 armis
1200 1884 1264 1949 de·

165 1993 296 2075 positis,
319 1991 439 2053 iudices
466 1990 677 2056 constituendi
704 2005 780 2054 sunt
802 2001 834 2054 et
856 2001 1032 2056 senatores.
1082 1993 1263 2078 Eidemque

164 2118 262 2185 egros
284 2099 471 2180 possideant
493 2108 618 2181 oportet
639 2118 815 2182 omnesque
836 2100 957 2181 copias.
990 2102 1075 2164 Nam
1096 2103 1264 2183 agricolae

165 2218 261 2289 atque
282 2206 437 2290 artifices,
460 2228 553 2290 quum
577 2208 701 2271 consilii
723 2209 799 2288 siut,
829 2206 933 2270 indicii
953 2226 1174 2292 armorumque
1196 2230 1263 2273 ex·

164 2328 282 2401 pertas,
307 2319 491 2383 necessarie
513 2330 567 2380 aut
588 2319 675 2380 servi
694 2325 768 2379 suut
791 2325 846 2379 aut
864 2315 988 2378 barbari
1009 2325 1066 2380 aut
1086 2310 1265 2402 περίοικοι,

165 2426 360 2513 Sacerdotes
384 2426 514 2509 denique
535 2446 577 2489 ex
598 2427 646 2489 eis
670 2424 829 2507 deligendi
850 2434 941 2499 sunt,
965 2426 1017 2508 qui
1040 2445 1170 2489 munere
1191 2427 1263 2488 rei-

166 2537 311 2616 publicae
331 2533 600 2598 administrandae
621 2552 660 2595 se
681 2533 874 2597 abdicarunt.
898 2535 986 2615 Ergo
1001 2533 1155 2614 artificas,
1171 2536 1265 2617 agri-

166 2637 386 2724 colae,dr}ree
406 2643 581 2705 necessarii
602 2641 726 2723 quidem
748 2641 957 2722 reipublicae,
978 2659 1040 2705 neo
1061 2652 1168 2705 umen
1190 2642 1266 2705 eius

167 2758 284 2831 partes.
318 2749 518 2828 inpartibus
541 2748 637 2830 igitur
658 2748 688 2811 ei
708 2748 768 2809 soli
790 2746 989 2828 numerandi,
1011 2748 1064 2831 qui
1085 2748 1267 2830 rempubli-

167 2874 237 2918 cam
259 2866 394 2939 gerunt,
423 2858 499 2918 iuris
525 2854 777 2937 disceptatores,
810 2855 942 2929 milites,
975 2864 1152 2919 senatores.
1196 2857 1267 2919 lam

167 2983 246 3026 vero
283 2967 354 3027 eius
387 2963 470 3047 quod
504 2965 536 3026 in
567 2966 606 3025 il.
627 2966 658 3025 5.
688 2963 774 3025 dedit
805 2965 965 3045 praecepti
994 2983 1057 3026 non
1086 2965 1266 3044 immemor,

166 3073 356 3135 testimoniis
374 3093 414 3134 ex
429 3072 558 3135 historia
575 3076 682 3155 petitis
706 3074 788 3136 iliam
812 3075 938 3158 quidem
960 3076 1089 3137 miiitum
1111 3092 1265 3138 severam

166 3180 206 3242 ab
217 3181 368 3264 agricolis
379 3185 614 3263 separationem
632 3202 729 3257 noua
747 3201 784 3244 se
799 3201 875 3246 esse
892 3184 1054 3244 inventam
1066 3181 1267 3263 comprobat.

248 3291 422 3371 Postquam
454 3290 483 3352 ei
515 3294 586 3352 sine
617 3291 731 3373 quibus
761 3294 878 3354 civitas
906 3308 1009 3372 neque
1040 3294 1130 3354 nasci
1156 3309 1267 3373 nequa

166 3414 242 3458 esse
264 3416 399 3479 unquam
422 3407 538 3482 potest,
561 3417 620 3462 suo
645 3401 780 3481 quisque
801 3402 874 3463 ioco
894 3399 1037 3481 dispositi
1052 3408 1140 3479 suot,
1160 3408 1268 3463 restat

166 3512 201 3565 ut
223 3502 263 3564 de
285 3507 374 3587 agris
395 3502 622 3568 distribuendis
646 3507 768 3570 dicatur
790 3515 823 3567 et
847 3505 887 3566 de
908 3508 1069 3587 agricolis.
1119 3507 1265 3571 Posses-

164 3612 286 3672 sionem
317 3610 411 3693 igitur
440 3629 600 3694 agrosque
629 3631 705 3675 esse
734 3622 767 3675 et
798 3613 905 3675 baberi
935 3615 1005 3677 vuit
1033 3617 1168 3697 privata
1191 3616 1264 3680 Sed

164 3736 242 3782 usus
263 3737 302 3780 ea
324 3716 435 3781 reddat
463 3718 597 3800 publiea.
646 3712 803 3781 Συσσίτια
835 3720 909 3783 item
937 3723 1062 3802 publica
1083 3741 1157 3785 esse
1179 3726 1265 3805 vult,

164 3834 201 3887 ut
221 3846 260 3890 aa
282 3847 365 3911 quae
392 3828 432 3889 ad
460 3826 590 3890 deorum
614 3831 731 3892 cultum
756 3831 966 3894 conteruntur.
1018 3833 1127 3909 Quare
1148 3851 1265 3917 agrum

165 3940 265 3996 totum
288 3938 421 4016 partitur
443 3936 574 4017 primurn
596 3940 628 3998 in
650 3937 805 4018 publicum
837 3947 870 3999 et
899 3941 1073 4020 privatum3
1102 3941 1265 4022 publicum

165 4038 238 4101 dein
259 4041 289 4100 iu
311 4050 419 4122 partes
441 4040 534 4122 duas,
557 4051 591 4103 ut
613 4062 654 4105 ox
675 4045 774 4105 altera
795 4053 884 4125 parte
914 4054 1074 4128 sumatur,
1106 4045 1188 4128 quod
1219 4048 1264 4111 ad

165 4142 332 4225 συσσίτια,
354 4169 397 4212 ex
418 4152 536 4230 altera,
567 4150 651 4234 quod
680 4150 722 4213 ad
744 4154 859 4216 cultum
882 4152 1022 4216 divinum
1045 4156 1265 4220 necessarium

163 4258 215 4321 sit.
258 4260 381 4340 Agrum
404 4269 509 4322 autem
532 4262 691 4342 privatum
714 4261 759 4327 ita
781 4261 949 4343 distribuit,
965 4271 999 4325 ut
1016 4263 1133 4328 civium
1145 4262 1267 4347 cuique
