2730 4816
446 397 448 401 ,
582 440 789 504 *ω-

93 668 98 679 -
135 629 260 692 exstitit
280 622 431 712 κτητικῆς
451 644 573 710 penum
601 645 685 708 quac
713 634 766 688 est
793 633 979 690 mercatura
1023 625 1115 704 Quae
1139 641 1233 706 quum

125 721 311 817 'pecuniam'
330 755 391 798 uon
414 743 542 817 propter
564 752 654 797 usum
685 735 885 815 lucrifaciat,
910 752 967 797 noc
986 733 1095 797 satiari
1116 740 1235 815 potest,

135 862 239 926 neque
260 853 311 906 eat
331 852 388 906 aut
409 844 589 907 neccssaria
610 855 667 905 aut
690 853 800 906 natura
823 842 907 905 data.
950 844 1151 922 Quapropter
1172 834 1235 902 hoc

136 970 242 1034 genus
270 939 530 1034 vituperandum,
560 950 750 1014 laudandum
772 950 804 1013 id
831 950 915 1035 quod
947 959 998 1013 est
1031 943 1235 1032 οἰκονομικῆς

136 1075 227 1138 para,
248 1057 395 1139 quodque
417 1054 456 1118 ad
479 1046 597 1120 victum
619 1055 795 1138 pardudum
813 1066 928 1150 notura
955 1057 1027 1137 ipsa
1053 1055 1235 1118 institutum
1324 1074 1347 1149 ¹·

138 1174 191 1228 est
212 1164 301 1245 (Pol.
324 1166 348 1226 l.
369 1167 400 1226 9.
426 1161 505 1242 itt).
1176 1183 1180 1187 ·

207 1273 374 1356 Expositis
389 1275 438 1333 eis
453 1290 536 1353 quae
548 1270 589 1334 ad
604 1271 817 1352 cognitionem
831 1266 977 1355 (μνῶάιν)
988 1281 1147 1354 spectant,
1161 1271 1233 1353 plri-

136 1381 287 1462 losoplrus
316 1380 467 1444 dicturum
495 1398 533 1442 se
554 1381 720 1461 pillicetur
740 1379 781 1442 de
805 1398 865 1442 usu
886 1367 1041 1465 (χρήσει).
1087 1380 1238 1442 Enume-

135 1492 214 1552 retia
235 1491 330 1570 igitur
352 1487 476 1550 duabus
500 1488 548 1550 de·
562 1488 676 1569 quibus
697 1493 773 1551 aute
795 1486 875 1550 dixit
886 1483 1139 1572 χρηματιστικῆς
1154 1507 1232 1570 par-

88 1616 97 1629 .
134 1599 229 1678 tilius,
251 1615 354 1678 genus
375 1597 533 1681 quoddam
549 1596 636 1660 addit
648 1594 901 1675 tertiumuouod
920 1597 949 1658 in
965 1595 1068 1658 medio
1082 1595 1231 1677 positum,

135 1724 232 1788 qttum
246 1724 298 1767 res
313 1705 353 1768 sd
369 1708 466 1768 vitam
478 1705 571 1768 utiles
587 1724 628 1766 ox
643 1713 727 1767 tarra
739 1712 858 1786 sumat,
871 1710 941 1766 cum
955 1705 1059 1786 priora
1071 1704 1231 1786 congruit,

134 1817 176 1879 eli
200 1816 311 1879 eodem
325 1815 435 1896 distat,
451 1835 547 1897 quum
563 1836 623 1878 uou
642 1815 682 1879 ad
702 1814 841 1879 familiae
849 1833 946 1877 uum
964 1834 1016 1877 res
1030 1824 1230 1895 comparatas

134 1906 293 2003 adhibent,
316 1925 373 1987 sed
395 1924 516 1986 voudat
537 1924 680 2006 pecunia.
711 1922 794 1987 Cum
815 1924 993 2005 posteriore
1015 1930 1123 1984 autem
1147 1921 1179 1984 id
1201 1923 1230 1984 ei

134 2049 302 2095 commuue
316 2041 376 2112 est,
393 2030 661 2113 quod·veudendo
676 2039 845 2112 utrumque
867 2038 1035 2112 quaestum
1059 2030 1153 2109 iacit3
1175 2032 1244 2090 iu-·

135 2148 235 2202 teresi
252 2138 294 2218 ld,
308 2136 391 2219 quod
408 2137 534 2200 aliunde
550 2154 603 2200 res
620 2136 754 2201 venales
768 2137 901 2200 altorum
919 2137 1008 2218 emit,
1031 2140 1164 2199 alterum
1188 2156 1229 2198 cx

134 2257 218 2311 terra
234 2249 359 2329 quaerit
374 2248 489 2328 ipsum.
510 2248 556 2309 At
567 2251 645 2308 dero
658 2265 719 2308 uon
737 2253 848 2307 servat
863 2244 946 2325 quod
964 2245 1115 2326 promisit,
1137 2262 1177 2307 sa
1188 2243 1230 2306 de

133 2373 195 2419 usu
217 2354 373 2436 quaedam
394 2356 577 2436 allaturum3
607 2373 647 2417 ea
674 2353 796 2416 assumi
805 2351 908 2414 iubet
930 2373 972 2415 ex
992 2352 1122 2414 aliorum
1144 2351 1230 2412 libris

133 2461 174 2525 de
194 2464 390 2545 agricultura
411 2473 444 2528 et
465 2462 505 2526 de
526 2463 624 2526 robus
642 2462 810 2525 similibus.
859 2464 896 2525 ln
921 2462 982 2525 hoo
1003 2465 1084 2525 euim
1107 2480 1230 2544 gauere

132 2571 207 2634 nihil
228 2574 488 2654 praetermissum
511 2590 600 2654 esse,
622 2570 780 2653 nisiquod
795 2589 892 2652 quum
913 2570 1053 2634 uouuulll
1072 2570 1229 2633 maximos

135 2688 290 2761 quaestus
318 2680 491 2760 iecissent,
519 2677 676 2742 eiusmodi
701 2679 850 2759 exempla
869 2697 933 2741 uon
953 2678 1089 2742 collecta
1110 2691 1230 2741 esseut.

133 2785 255 2847 Deinde
276 2785 429 2850 adscribit
449 2788 520 2871 ipse
548 2786 679 2852 duorum
707 2786 865 2848 homiuum
894 2784 1059 2868 exempla,
1088 2784 1142 2866 qui
1168 2785 1229 2847 sibi

133 2891 339 2975 μονοπωλίαν
361 2901 549 2978 paraverint
586 2901 712 2962 lotam
734 2916 801 2960 rem
824 2898 869 2958 ita
891 2896 1048 2976 absolvit,
1077 2903 1112 2958 ut
1133 2894 1226 2955 etiam

134 3004 270 3099 politicis
290 2990 372 3067 liaeo
393 3008 521 3088 cognitu
544 3008 634 3070 utilia
654 3027 732 3072 esse
752 3016 897 3090 annotet,
917 3004 1003 3088 quud
1023 3013 1086 3067 tum
1102 3004 1228 3067 familiis

86 3200 91 3213 A
132 3114 259 3179 accidat
281 3123 316 3179 ut
339 3117 476 3197 paauuia
497 3112 592 3194 desit,
614 3122 681 3181 tum
706 3116 800 3180 etiam
822 3114 1015 3178 civitatibus.

632 3305 662 3374 δ.
683 3301 734 3364 23.

419 3452 426 3468 ·
522 3437 562 3486 De
577 3437 670 3503 γαμικῇ
686 3439 715 3486 et
729 3437 844 3502 πατρικῆς.

217 3551 310 3614 Duas
328 3550 466 3633 reliquas
486 3542 692 3636 οἰκονομικῆς
712 3559 834 3633 partes,
854 3539 991 3634 μομικῆν
1010 3561 1044 3615 et
1061 3538 1231 3635 πατρικήν,
1288 3627 1290 3631 ¹

131 3656 274 3721 breviter
300 3658 522 3741 complectitur
553 3662 658 3742 capite
682 3661 759 3722 xli.
809 3659 934 3740 Neque»
960 3660 1043 3724 enim
1074 3660 1134 3722 sibi
1167 3678 1229 3721 nou

131 3773 286 3827 conatam
313 3783 381 3827 rem
410 3748 555 3846 apertam
584 3784 644 3829 uec
663 3766 704 3829 ab
733 3766 797 3830 ullo
824 3763 952 3829 homine
974 3766 1110 3848 unquam
1131 3763 1247 3828 dubi··

131 3884 231 3939 tatam
256 3875 376 3953 diffusa
404 3856 547 3940 oratioue
572 3882 711 3941 tractare
737 3864 848 3941 voluit
891 3877 1011 3940 Paucis
1031 3875 1127 3958 igitur
1148 3876 1229 3939 haec

99 3994 101 3998 ‘
132 3980 270 4048 docete
294 3984 583 4061 „Patremtamiiias
613 3986 705 4048 uxori
735 3966 881 4069 datisque
910 3988 1068 4065 imperare
1098 3983 1229 4064 debere,

134 4101 169 4155 ot
190 4091 369 4165 homiuibus
391 4092 498 4156 itioris
518 4092 647 4175 quidem
668 4095 826 4177 utrisque,
847 4092 907 4156 sed
929 4096 1020 4155 uxori
1042 4088 1229 4169 πολιτικῶς,
1291 4153 1297 4167 ,

133 4199 217 4261 uatis
244 4195 430 4278 βασιλικοῖς.
481 4202 566 4289 Nom
597 4209 766 4284 praestare
795 4208 909 4264 natura
939 4210 1058 4264 moram
1078 4200 1230 4283 lemicae,

128 4316 238 4373 aute
269 4308 420 4389 maiorem
448 4310 694 4393 perlectumque
723 4318 801 4374 uatu
815 4309 941 4372 ‘minori
968 4318 1003 4374 at
1032 4309 1239 4390 imperfecto·
