2730 4816
575 405 782 469 ..qq-

130 585 190 647 uisi
210 584 252 648 de
273 585 400 668 publiea
420 594 453 649 et
474 584 671 649 institutione
692 595 726 649 et
746 585 945 650 educatione.
961 576 1232 669 «Numquedrl-

129 695 266 757 stoteles
286 692 602 778 inquirendumesse
623 693 700 756 dioit
721 692 761 756 de
785 711 887 757 uxore
908 701 941 755 et
962 693 1093 773 merito,
1124 692 1168 757 de
1188 695 1234 758 li-

129 795 264 865 beris'et
286 813 386 884 petre,
411 801 452 865 de
475 819 584 863 eorum
599 800 852 877 necessitudine,
875 788 1004 881 vir'tnte,
1027 799 1242 866 educatione·

128 907 225 988 Quae
254 926 350 989 quum
381 909 425 969 itu
452 908 539 988 siut,
573 905 761 989 Schneideri
790 889 981 969 seutentiam
1003 903 1233 989 Goettlioglus

125 1034 275 1098 maguam
288 1014 413 1097 quidem
426 1026 558 1096 purtem,
569 1032 629 1077 neo
648 1024 752 1079 tamen
769 1014 892 1079 idoneis
908 1008 1083 1076 rationibus
1096 1014 1232 1089 refuta

127 1123 184 1184 vit.
207 1120 302 1199 Quod
318 1119 463 1204 equidem
477 1120 585 1183 faeere
598 1120 745 1203 connitor.
774 1121 825 1184 De
836 1108 949 1202 ὁμιλλᾳ
961 1121 1056 1203 igitur
1066 1121 1237 1186 mulierum

128 1238 162 1291 et
183 1229 314 1292 liberum
336 1229 409 1310 quid
431 1227 596 1291 honestum
618 1232 674 1310 sit,
696 1231 909 1313 investigetur
931 1231 962 1291 in
983 1229 1053 1302 Pol.
1070 1228 1155 1299 ΙΝ.
1172 1229 1230 1295 ulti

129 1355 236 1400 eorum
258 1337 434 1402 commuuio
457 1346 561 1399 utrum
583 1337 858 1415 ettinstimeuda,
888 1356 1014 1415 suinon
1033 1339 1092 1419 sit,
1124 1328 1231 1420 q'u'se-

126 1445 212 1511 ritur.
250 1445 308 1522 Ad
331 1446 495 1508 mulierum
524 1433 654 1525 ὁμιλίαν
671 1447 775 1534 ‘etism
804 1427 972 1510 referendo
1000 1453 1052 1507 est
1082 1448 1230 1528 quaestio

127 1556 167 1621 de
188 1576 296 1621 esrum
319 1558 462 1640 syssitiis
484 1556 567 1635 (Pol.
591 1556 632 1618 li.
653 1557 684 1620 t.
705 1564 739 1618 et
759 1556 816 1627 7.).
868 1555 918 1619 Ad
947 1559 1097 1619 virtutem
1117 1567 1228 1623 sutem

125 1666 308 1729 muliebrem
328 1676 456 1747 speetnt
478 1667 579 1747 loeus,
602 1666 654 1747 qui
677 1673 729 1726 est
748 1665 778 1726 in
802 1664 869 1726 Pol.
893 1665 984 1726 tlte.
1007 1665 1048 1728 de
1069 1664 1227 1727 effrenate

127 1775 353 1837 Leonennrum‘
370 1775 496 1837 lieentia
517 1785 550 1835 et
569 1773 822 1855 intemperantis,
844 1774 1028 1837 Pellite
1051 1772 1097 1836 de·
1112 1773 1229 1837 molie-

126 1902 195 1946 rum
212 1881 329 1944 virtute
346 1889 379 1942 et
398 1880 520 1959 offiel03
540 1886 689 1961 speetnnt
708 1899 819 1943 omnes
834 1880 863 1943 ei
881 1881 955 1958 loni,
975 1878 1029 1944 ubi
1046 1879 1229 1962 ostenditur

127 2010 191 2054 nou
213 2009 288 2053 esse
311 1990 476 2051 muliebris
507 2008 628 2070 sexus,
661 1991 775 2055 bellum
803 2011 918 2073 gerere
946 2002 980 2054 et
1011 1993 1173 2054 excellere
1194 1992 1227 2054 is

127 2101 246 2160 virtute
268 2095 401 2158 militnri.
444 2096 495 2159 De
516 2098 664 2179 eoniugis
685 2084 816 2178 ὁμιλίᾳ,
841 2095 883 2161 de
905 2114 1076 2178 puerorum
1097 2104 1133 2159 et
1146 2096 1237 2158 -uir-

84 2202 89 2210 ’
128 2215 197 2269 tute
219 2216 252 2270 et
273 2208 463 2270 eduestione
485 2207 601 2270 dietum
624 2208 752 2271 esseio
775 2205 895 2266 vitet
910 2205 1000 2267 vul.-
1014 2203 1114 2283 libris,
1133 2213 1228 2266 reete

128 2315 301 2378 sillrmuvit
322 2313 551 2397 Goettlingius.
596 2312 806 2377 Desiderstnr
839 2320 946 2375 eutem
961 2309 1151 2392 -dispuntio
1187 2309 1231 2374 de

128 2424 290 2487 mulierum
313 2422 512 2486 educatione.
535 2488 537 2495 ,

519 2599 527 2653 ,’
621 2584 650 2655 t.
672 2583 723 2649 25.

148 2727 189 2777 De
204 2724 268 2776 libri
284 2726 306 2777 1.
324 2724 482 2790 integritate
494 2724 717 2791 singulorumque
734 2724 853 2789 onoltttrn
871 2723 964 2781 ordine
982 2729 1009 2776 et
1025 2682 1215 2790 disposltioue.

213 2865 419 2927 Politieornrn
447 2864 559 2928 librum
581 2868 605 2928 l.
629 2864 863 2927 Aristoteleum
881 2882 978 2945 esse,
1006 2863 1091 2947 quod
1112 2863 1233 2948 seium,

129 2989 223 3033 nemo
252 2988 391 3053 nuquam
420 2974 562 3055 negavit.
606 2974 723 3054 Neque
752 2971 918 3054 quisquam
940 2971 1116 3052 dubitavit,
1149 2971 1234 3052 quin

131 3087 203 3141 eum
226 3097 320 3161 quem
343 3079 479 3163 seriptor
505 3080 576 3160 ipse
605 3079 968 3162 instituissetospitnm
992 3076 1132 3153 ordinem
1154 3075 1234 3139 edi·t

130 3188 236 3250 tiones
255 3196 385 3250 nostroe
406 3186 601 3249 exhiberent.
1166 3232 1168 3237 .

213 3292 260 3354 At
283 3293 424 3373 luerunt,
445 3293 501 3375 qui
522 3301 578 3354 eut
599 3299 699 3355 totum
722 3307 792 3373 onp.
816 3291 875 3354 xl.
897 3296 954 3351 eut
975 3297 1065 3352 nerto
1075 3286 1151 3386 ’ἄμμ
1171 3286 1231 3351 ills

128 3401 264 3480 quaein
286 3419 324 3461 eo
347 3398 520 3462 efferuntur
542 3400 690 3487 exempla
718 3396 886 3480 supposita
912 3413 989 3459 esse
1017 3397 1233 3478 suspineren-

79 3523 81 3526 ’
129 3518 191 3573 tur.
232 3508 312 3573 Sed.
332 3509 416 3590 quod
443 3510 580 3579 alienum
601 3509 750 3572 essetab
773 3528 812 3570 eo
834 3526 899 3590 quo
914 3524 1003 3582 ,usus
1024 3517 1075 3570 est
1097 3508 1241 3569 Aristo-2

130 3623 213 3686 teles
244 3620 395 3703 penulinri
425 3620 549 3684 dioeudi
577 3638 729 3702 genere,
766 3637 896 3702 prorsus
924 3620 999 3683 nihil
1027 3621 1232 3684 invenerunt.

129 3732 305 3795 Praeterea
327 3737 423 3810 enput
441 3731 503 3793 Xl.
524 3730 553 3792 si
575 3730 709 3792 eieetnm
732 3738 834 3810 esset,
856 3730 1040 3811 necessario
1060 3726 1236 3791 desideru-

129 3849 218 3903 retur
238 3838 514 3917 oeconomieorum
537 3838 699 3919 porticulo
742 3822 866 3898 Etenim
886 3835 1092 3919 philosophus
1110 3833 1240 3916 siquid·

128 3937 273 4032 τεχνικὸν
288 3950 447 4032 indagare
469 3950 639 4031 potuisset,
661 3945 691 4007 id
705 3944 833 4008 dooere
853 3946 913 4008 sibi
935 3945 1100 4026 proposuit
1113 3947 1143 4006 in
1155 3945 1236 4033 P⁰¹·'

129 4060 155 4127 1.
179 4058 207 4124 l.
248 4058 298 4121 De
320 4048 502 4140 δεσποτικῇ
522 4055 610 4117 huno
628 4059 731 4119 locum
754 4054 848 4137 queqi
860 4052 1044 4135 perstrinxit
1056 4069 1128 4137 nep.
1150 4051 1230 4115 vn.

130 4187 193 4252 qno
215 4167 255 4232 de
276 4168 410 4230 seientia
432 4165 499 4228 heri
521 4167 542 4227 i.
565 4185 594 4254 o.
602 4163 657 4237 ,de
680 4183 846 4228 servorum
861 4158 1020 4225 nsudixit.
1065 4159 1147 4239 Quid
1163 4169 1230 4242 est,

129 4295 187 4343 eur
216 4274 349 4341 eundem
376 4272 417 4339 de
442 4269 682 4361 χρηματιστικῇ
702 4275 806 4341 looum
829 4263 1103 4353 praetermiserit?
1137 4268 1226 4333 Num
