2730 4816
426 423 779 528 x-tut-

112 609 227 691 quibua
263 611 526 676 accommodatae
559 615 624 676 sint
658 616 784 697 populls
818 623 853 677 et
889 632 953 695 qua
981 613 1103 675 ratione
1132 631 1215 699 eosq

110 720 288 781 stituantur.
338 721 384 782 At
412 736 491 782 vero
519 721 690 803 disputatio
720 717 760 783 de
784 741 823 784 eo
848 731 954 801 statu,
979 723 1034 804 qui
1055 720 1214 802 plerisque

112 824 296 889 civitatibus
318 832 484 908 convenit,
506 847 602 910 quum
617 828 679 893 huc
688 831 890 909 potissimum
904 831 1106 892 Politicorum
1124 836 1215 909 parts

114 941 324 1014 tractaretur,
354 936 579 1016 quamprimum
609 935 668 1000 luit
694 944 728 997 et
759 935 952 999 instituenda
981 944 1014 999 et
1045 935 1086 998 ad
1115 934 1212 1000 tuen

111 1038 327 1120 perdocenda.
370 1040 453 1103 llam
474 1051 578 1104 aulem
602 1041 685 1104 nullo
708 1041 801 1104 modo
823 1043 946 1122 suscipi
967 1050 1041 1104 ante
1062 1042 1214 1122 potuisse,

112 1173 206 1238 quam
230 1156 271 1219 do
287 1157 460 1239 generibus
477 1147 665 1246 ὀλιγαρχίας
684 1170 716 1222 ct
735 1153 956 1244 δημοκρατίας
971 1158 1090 1222 dietum
1109 1169 1213 1242 esset,

112 1273 145 1327 et
168 1285 217 1328 ex
244 1244 317 1328 siun
348 1247 451 1347 ipsius
476 1279 586 1331 natura
611 1269 711 1350 liquet
731 1279 766 1331 et
788 1290 829 1333 ex
851 1270 960 1331 vertite
980 1287 1069 1352 qaae
1085 1278 1162 1332 suut
1182 1271 1213 1331 in

115 1372 184 1434 Pol.
205 1372 264 1435 tv.
286 1374 316 1437 8.
339 1369 556 1458 Φανεριοτίρα
582 1364 646 1459 γάρ
672 1362 694 1458 ἠ
722 1361 857 1454 δόναμις
877 1364 977 1459 αὐτῆς
998 1372 1074 1459 (τῆς
1092 1373 1215 1438 καλου·

114 1476 214 1567 μένης
234 1478 421 1560 πολιτείας)
441 1481 665 1570 διωρισμένων
684 1482 750 1548 τῶν
770 1482 850 1570 περὶ
871 1476 1059 1571 ὀλιγαρχίας
1081 1481 1135 1546 καί
1156 1481 1215 1570 δη.
1296 1477 1301 1481 ’

115 1585 303 1675 μοκρατίας.
345 1593 438 1656 Unus
458 1594 553 1676 igitur
575 1593 615 1654 de
638 1589 843 1677 δημοκρατίᾳ
863 1605 896 1656 et
918 1582 1095 1677 ὀλιγαρχίη
1124 1594 1215 1657 locus

117 1700 357 1782 pertractandus
386 1701 445 1764 fuit
472 1711 547 1764 aute
582 1705 802 1784 quaestionem
825 1702 866 1764 de
885 1710 973 1765 statu
993 1703 1217 1766 communiore.

116 1808 207 1886 Quae
240 1810 313 1871 item
348 1818 425 1871 aute
460 1809 654 1873 instituenda
690 1812 769 1892 luit,
807 1829 902 1892 quarn
945 1811 1032 1873 iuste
1063 1811 1216 1891 explicari
1256 1807 1260 1814 ’

114 1925 239 1996 posset,
271 1909 474 1999 δημοκρατία
505 1926 538 1979 et
570 1906 740 2002 ὀλιγαρχία
771 1920 887 2001 quibus
917 1928 1014 2000 aptae
1043 1926 1153 1983 essent
1180 1927 1216 1980 et

117 2024 275 2104 quomodo
307 2025 537 2088 conderentur.
609 2029 701 2090 llaec
736 2026 776 2089 de
811 2047 916 2090 rerum
952 2028 1062 2090 ordine
1096 2037 1130 2090 et
1162 2024 1215 2087 di-

116 2132 301 2211 spositione.
369 2136 436 2195 lam
475 2116 670 2196 accedamus
702 2133 742 2196 ad
780 2134 1096 2216 disputationemdc
1130 2140 1218 2197 slata

115 2238 338 2301 communiore.
390 2238 553 2316 Quaerere
590 2242 686 2322 igitur
722 2240 882 2302 Aristoteli
919 2241 1114 2321 propositum
1146 2247 1215 2320 est,

117 2345 250 2426 primurn
284 2354 317 2408 et
348 2347 547 2427 potissimum
580 2367 662 2429 quae
692 2349 736 2442 sit
763 2349 944 2429 respublica
965 2350 1101 2410 maxime
1122 2364 1214 2425 comp

115 2453 239 2535 munis,
263 2463 295 2514 et
323 2472 478 2537 quaenam
498 2457 615 2537 optima
637 2467 764 2538 praeter
786 2478 866 2520 vere
897 2457 1215 2539 praestantissimam,

117 2559 231 2624 deinde
253 2562 349 2625 etiam
371 2581 493 2647 ecquae
515 2567 598 2628 aliae
619 2567 683 2630 siut
704 2568 854 2630 civitates
870 2555 1135 2650 ἀριστοκρατικαί
1153 2563 1214 2640 (ci.

119 2671 186 2735 Pol.
208 2672 266 2734 IV.
285 2674 343 2748 2).

190 2782 284 2844 Hanc
300 2783 397 2864 igitur
413 2781 659 2863 disputationem
679 2785 723 2844 ita
741 2781 887 2862 instituit,
909 2789 941 2843 ut
955 2779 1007 2860 (id
1024 2780 1108 2862 quod
1124 2781 1218 2845 buius

118 2885 235 2948 libriin
255 2891 376 2967 capii·
387 2891 593 2970 promiserat)
613 2891 708 2953 etiam
727 2890 814 2953 dicat
835 2889 875 2952 de
894 2890 1071 2973 tyrannide.
1106 2891 1215 2969 Quare

118 2994 158 3056 ab
181 2993 268 3057 luitio
297 3006 461 3059 enumerat
487 3000 625 3081 quinque
653 2999 952 3079 rerumpublicarum
984 3016 1123 3080 genera,
1153 3000 1216 3059 im-

119 3104 239 3184 perium
259 3104 433 3187 singulare,
453 3092 651 3189 ὀλιγαρχίαν,
669 3094 929 3190 ἀριστοκρατίαν,
948 3099 1126 3166 πολιτείαν.
1149 3107 1216 3168 lem

117 3214 157 3278 ad
179 3203 431 3302 ἀριστοκρατίαν
458 3217 587 3298 propius
616 3214 778 3281 accedens
808 3226 933 3299 praeter
956 3219 1106 3296 optimam
1128 3235 1217 3280 rem·

116 3324 274 3405 publicam
296 3343 370 3387 esse
392 3328 436 3389 ait
457 3314 710 3411 ἀριστοκρατίας
725 3335 807 3404 trcs;
830 3342 936 3403 uuam,
955 3342 1049 3407 quum
1068 3343 1129 3387 non
1148 3325 1217 3386 vir-

118 3435 196 3495 tutis
208 3436 311 3497 solum
324 3435 353 3496 in
366 3433 523 3518 eligendis
535 3433 785 3517 magistratibus,
807 3452 918 3494 verum
939 3447 972 3497 et
990 3432 1169 3496 divitiarum
1186 3442 1219 3498 et

120 3542 227 3624 populi
249 3543 402 3604 rationem
425 3542 559 3623 habent3
576 3534 720 3621 alteram,
739 3558 833 3623 quum
847 3560 908 3604 oon
927 3541 1054 3605 divitias
1071 3549 1219 3622 spectant

120 3648 179 3711 sed
201 3649 350 3711 virtutem
373 3659 405 3712 et
427 3650 593 3732 populum3
616 3650 740 3715 tertiam
763 3667 844 3726 eam,
865 3666 949 3731 quae
971 3649 1012 3712 ad
1033 3639 1220 3732 ὀλιγαρχίαν

119 3732 225 3842 magis
247 3760 382 3824 inclinat.

200 3864 377 3931 Πολιτείαν
397 3888 475 3932 vero
494 3887 572 3931 esso
595 3876 713 3934 statum
736 3888 778 3932 ex
800 3858 971 3952 ὀλιγαρχίην
991 3866 1163 3931 coeluum
1186 3880 1219 3933 et

121 3994 163 4036 ex
184 3962 419 4059 ἀριστοκρατία
449 3993 475 4038 s.
511 3975 642 4037 mixtum
669 3993 710 4035 ex
740 3973 890 4037 divitibus
914 3982 947 4035 et
966 3992 990 4034 e
1017 3974 1218 4054 paoperibus.

120 4083 230 4146 'l'aleru
262 4086 357 4166 igitur
391 4103 468 4147 esse
507 4085 731 4165 rempublicam
771 4086 1035 4165 communiorem,
1083 4102 1218 4165 eamque
1272 4160 1277 4164 .

120 4195 409 4274 optimampraeter
432 4212 542 4256 veram
564 4180 823 4278 ἀριστοκρατίαν,
843 4191 874 4253 ίο
897 4210 960 4272 qua
983 4209 1087 4272 neque
1114 4196 1217 4253 virtus

122 4302 296 4382 negligitur
324 4302 355 4365 in
388 4301 547 4384 eligendis
569 4301 810 4386 magistratibus
830 4319 935 4383 neque
956 4299 1088 4367 divitiae
1113 4317 1218 4379 neque
