2730 4816
571 417 800 486 —m-

139 627 142 630 ·
199 607 222 672 i.
245 606 459 670 Asscvamvit
479 606 574 688 igitur
587 605 795 688 Contingius‚
807 623 899 689 quom
922 606 964 669 iiii
978 603 1103 688 quidem
1116 606 1228 668 sconti

128 723 309 792 sunt,·untc
328 733 397 794 cap.
420 713 511 776 vm.
530 713 632 776 iuissc
653 711 820 776 dicundum
843 712 884 775 dc
907 713 1143 775 constituendis
1160 733 1228 776 πο·

128 814 273 896 λιτείαις,
293 808 566 903 ἀριστοκρατίαις,
576 818 714 880 iortassa
734 820 829 881 ctiam
846 818 886 880 dc
906 814 1136 902 povupxia191).
1159 818 1227 882 cut

125 945 312 1016 argumento
326 931 543 1013 Gcettiingius
560 931 589 991 in
605 931 704 1011 praei.
715 951 744 1011 p.
754 930 862 994 XXV.
881 934 1045 1012 opposuit:
1062 932 1229 993 »Primum

128 1043 246 1113 (cuim)
268 1039 358 1118 rugini
381 1038 504 1098 unicum
528 1045 578 1098 cst
599 1055 704 1118 genus
729 1036 770 1097 da
790 1055 852 1118 quo
874 1039 1051 1118 expositum
1073 1041 1104 1100 in
1127 1049 1229 1098 antc-

129 1146 320 1211 cedentibus
341 1155 428 1225 amt,
455 1144 570 1206 deinde
597 1162 694 1224 quum
717 1143 757 1206 dc
779 1144 886 1207 mixtis
908 1144 1170 1208 demccmtiurum
1195 1155 1231 1207 ct

128 1253 370 1337 ciigarchiarum
401 1250 630 1330 rabuspubiicis
658 1251 759 1312 verba
785 1250 882 1330 dunt,
905 1252 944 1313 ab
963 1254 1137 1314 Aristoteie
1159 1255 1230 1315 ari·

128 1360 350 1423 stauratiarum
372 1377 412 1419 ac
432 1357 608 1438 politiarum
623 1375 745 1438 gonaro
766 1375 806 1418 sa
827 1357 968 1420 oratione
992 1339 1053 1421 ona
1074 1377 1229 1440 comprs-

128 1459 334 1528 hcnduntur”.
388 1462 481 1540 Qusc
508 1462 607 1522 vcrba
639 1470 759 1524 tantum
782 1462 895 1542 σίνται,
918 1472 953 1525 ut
975 1463 1228 1548 Contingianam

131 1578 319 1640 senteutiam
342 1575 499 1647 refellant,
516 1584 551 1635 ut
570 1592 607 1636 ea
627 1575 695 1656 ipsa
711 1575 884 1637 refellenda
901 1578 964 1638 sint
983 1596 1023 1642 ac
1044 1578 1229 1641 rciioicoda.

131 1686 197 1749 Sed
221 1685 304 1746 hunc
325 1703 390 1744 rum
411 1686 710 1764 praetermittamus.
759 1682 965 1745 Accedamus
989 1686 1029 1746 ad
1059 1685 1229 1767 pensitan-

129 1794 201 1857 dam
230 1796 417 1854 senteutiam
450 1792 624 1872 conringii.
677 1792 814 1855 Primum
844 1797 941 1876 igitur
968 1804 1018 1856 est
1039 1795 1078 1856 de
1100 1800 1229 1860 consti·

129 1900 247 1965 tuenda
267 1893 420 1982 πολιτείᾳ
441 1907 515 1961 antc
535 1898 729 1980 disputatum
752 1903 782 1961 in
805 1901 871 1962 iibri
895 1903 951 1965 Ν.
969 1923 1038 1985 cap.
1056 1906 1111 1968 ΙΧ.
1131 1908 1229 1967 onius

129 2007 370 2092 primoquidem
384 2007 483 2070 verba
499 2015 589 2069 sunt:
613 2001 693 2070 Τίνα
713 2004 751 2070 δὲ
771 1997 895 2094 τρόπον
910 2005 1032 2095 γίνεται
1054 2003 1146 2096 παρά
1169 2011 1230 2100 dp-

127 2110 305 2201 μοκρατίαν
325 2109 379 2175 καὶ
398 2102 584 2198 ὀλιγαρχίαν
605 2103 627 2198 ἡ
651 2111 831 2202 καλουμένη
860 2115 1057 2182 πολιτεία
1088 2143 1116 2182 κ.
1136 2142 1168 2184 τ.
1197 2118 1226 2185 λ

129 2229 203 2291 itam
227 2225 257 2287 io
277 2243 347 2306 cap.
376 2224 433 2289 W.
454 2224 513 2300 (ci.
536 2232 565 2300 ς.
587 2223 667 2303 td).
689 2225 771 2303 Quid
801 2236 853 2287 cst
875 2226 968 2307 igitur
988 2247 1043 2292 cur
1062 2229 1162 2292 altera
1188 2233 1230 2295 sit

131 2334 171 2396 dc
192 2326 346 2420 πολιτείᾳ
367 2333 513 2415 quaestio
535 2333 769 2414 suscipiemini

193 2433 375 2525 Disputatio
388 2452 493 2504 autum
507 2440 548 2503 dc
559 2430 825 2526 ἀριστοκρατίαις
837 2445 911 2508 itam
925 2465 995 2509 cum
1007 2447 1096 2532 fugit.
1108 2450 1141 2510 Ν
1143 2470 1232 2532 cquc

128 2553 210 2615 cnim
234 2551 275 2614 de
296 2569 374 2612 vara
393 2538 628 2634 ἀριστοκρατίᾳ
647 2550 708 2614 hoc
729 2552 801 2614 Ιοοο
823 2554 1028 2636 cogitandum
1052 2568 1115 2637 cst,
1130 2575 1228 2639 quom

130 2662 267 2742 optimus
294 2659 335 2720 sit
364 2660 508 2719 civitatis
534 2657 646 2724 formu.
699 2663 857 2737 Quaestio
883 2681 960 2725 vcro
983 2663 1023 2726 da
1047 2665 1227 2730 condendis

129 2759 341 2844 καλουμέναις
360 2753 625 2849 ἀριστοκρατίαις
645 2782 716 2828 cum
738 2786 778 2829 ca
799 2769 964 2833 coniuncta
988 2783 1058 2854 est,
1081 2792 1166 2857 quac
1188 2773 1231 2839 dc

130 2867 281 2956 πολιτείᾳ
309 2875 403 2955 paulo
426 2881 500 2935 anta
522 2884 574 2936 cst
597 2886 854 2944 commemoratu
908 2878 1003 2956 Quod
1031 2884 1076 2943 ita
1097 2901 1176 2946 esso
1197 2894 1230 2946 ct

127 3001 181 3045 aas
201 2984 271 3065 ipsa
292 2982 377 3055 (ΡοΙ.
399 2983 458 3044 Ν.
475 2981 506 3043 it.
528 2992 561 3044 at
581 2983 645 3053 11.)
666 2986 852 3064 comprobat
872 2995 905 3048 ct
924 2968 1060 3067 scriptor
1082 2998 1229 3053 testatur.

130 3090 240 3153 Vaiuti
272 3089 329 3151 Ν.
357 3089 388 3150 9.
433 3082 512 3151 Τίνα
533 3084 593 3169 μὲν
612 3075 668 3151 οὖν
686 3078 809 3174 τρόπον
829 3087 885 3153 δεῖ
909 3083 1107 3158 καθιστάναι
1132 3095 1231 3161 πολι-

128 3186 258 3260 τείανι
239 3191 362 3279 ομοίως
382 3192 420 3260 δὲ
445 3191 499 3259 καί
526 3184 586 3270 τάς
614 3185 900 3316 ἀνρμαζομένας’
878 3200 1152 3288 αριστοκρατίας,
1175 3204 1231 3269 νῦν

128 3303 269 3390 είρᾳται.
287 3313 320 3366 ει
332 3303 390 3366 Ν
403 3305 449 3366 ii.
471 3298 539 3365 Καί
558 3293 621 3389 γάρ
642 3294 685 3378 ἀς
700 3302 852 3368 καλοῦσιν
865 3296 1129 3395 ἀριστοκρατίας,
1148 3310 1231 3403 περί

127 3401 172 3476 ὦν
191 3409 245 3475 νῦν
265 3408 433 3493 ειπομεν,
451 3433 495 3475 τα
485 3402 575 3494 μὲν
600 3408 683 3492 ἐξωτ
637 3409 749 3500 ωτίρω
779 3411 939 3479 πίπτουσι
964 3421 1039 3495 ταῖς
1057 3418 1233 3500 πλείσταις

125 3518 191 3585 τῶν
208 3507 369 3603 πόλεων,
395 3509 438 3582 τά
466 3516 504 3583 δὲ
530 3519 692 3603 γειτνιῶσι
711 3544 752 3607 τᾳ
739 3519 952 3612 καλουμένῃ
973 3524 1154 3615 πολιτείᾳ·
1175 3524 1232 3598 cni

128 3627 207 3754 περὶ
234 3617 359 3716 ἀμφοῖν
385 3649 430 3701 ως
448 3625 528 3709 μιᾶς
546 3625 683 3691 λεκτέον.
726 3618 826 3693 Ἡδὲ
848 3627 953 3718 κρίσις
975 3627 1096 3720 περί
1074 3627 1232 3705 απάντων

124 3728 247 3804 τούτων
267 3758 295 3799 κ.
316 3756 343 3798 τ.
365 3732 456 3799 tot.
478 3735 545 3798 ΡοΙ.
568 3735 610 3798 V.
633 3737 663 3799 7.
689 3724 757 3811 Τάς
776 3727 838 3825 γάρ
858 3738 1060 3820 (πολιτείας)
1079 3734 1225 3810 ἀποκλι-

126 3835 244 3922 νοῦσας
265 3839 389 3964 μᾶλλον
410 3863 495 3930 προς
513 3832 571 3928 τήν
589 3831 775 3929 ὀλιγαρχίαν
795 3837 1048 3936 αριστοκρατίας
1064 3849 1229 3950 καλουσιν

128 3945 188 4030 τοίς
208 3950 246 4019 δὲ
267 3943 352 4040 πρὸς
369 3970 408 4014 το
400 3940 573 4036 πλῆθος,
587 3948 765 4028 πολιτείας.
799 3955 991 4042 Contingius
1011 3961 1119 4045 igitur,
1142 3966 1231 4049 quod

128 4068 169 4130 da
194 4060 347 4146 πολιτείᾳ
373 4072 407 4126 ct
431 4051 666 4148 ἀριστοκρατίᾳ
696 4061 902 4129 dicandum
894 4085 924 4129 an
950 4068 1029 4132 libro
1060 4071 1116 4134 vt.
1152 4093 1202 4138 as

148 4311 180 4379 1)
195 4314 231 4364 ct.
248 4315 351 4366 intrat.
372 4315 430 4367 vu.
447 4317 466 4380 8
484 4319 532 4374 ut.
549 4326 577 4371 et
593 4325 794 4377 assumtionem
812 4327 847 4376 ad
865 4324 913 4379 Vt.
930 4327 949 4377 7
965 4324 1042 4380 tuen
1060 4328 1173 4395 (mn
