2730 4816
141 581 321 658 servorum.
363 593 536 659 Sciendum
557 602 609 654 eet
629 592 712 653 euim
729 592 852 669 alteria,
875 598 937 673 qut
959 595 1085 654 ratieue'
1103 606 1145 658 ex
1162 611 1241 657 aer·

141 704 193 765 via
213 703 382 765 maximam
409 702 578 762 utilitatem
600 718 716 780 capere
739 700 891 780 possint,.
908 700 1042 780 alteris,
1074 701 1238 783 quomedo

139 812 170 872 in
200 811 380 872 ministeriis
409 808 532 869 versari
562 806 708 869 debeant.
751 799 828 870 Sed'
846 808 875 869 iu
897 807 959 869 liae
979 807 1242 889 disciplinam-

108 997 110 1001 ·
139 921 254 1000 denda,
272 940 365 1003 quum
385 920 493 1002 magui
513 919 588 981 uihil
608 918 726 982 habeat
747 926 802 980 aut
823 910 955 995 excelsi,
976 937 1040 980 nou
1059 919 1239 981 immoran-

90 1044 95 1075 ἱ
137 1033 212 1098 dum
228 1039 288 1095 eat.
333 1032 385 1093 Ae
399 1029 439 1091 rie
460 1023 652 1112 δεσποτικῇ,
676 1044 759 1110 quae
781 1034 832 1088 eet
854 1026 1017 1089 deservis
1035 1025 1240 1110 adhibendis,

140 1143 256 1208 dietum
280 1151 331 1205 eet
352 1140 436 1215 (l’ol.
459 1142 482 1201 l.
503 1141 533 1204 t.
554 1139 611 1211 7.).

221 1251 297 1314 Jam
320 1248 361 1311 tle
383 1267 422 1310 ea
443 1257 530 1330 arte,
555 1267 638 1331 quae
670 1248 701 1310 iu
728 1247 777 1308 eis
806 1243 1009 1328 acquirendis
1024 1244 1186 1328 ¹omnique
1206 1245 1238 1308 ira

137 1379 172 1422 re
193 1359 338 1422 familiari
359 1368 519 1439 versatur,
541 1358 683 1439 sequitur
705 1365 740 1419 ut
759 1354 945 1435 disputetur.

639 1543 737 1616 §.22

564 1677 602 1726 lle
621 1677 808 1748 χρηματιστικῇ.
846 1712 889 1746 ⁹-
973 1688 975 1693 ·
1029 1688 1033 1703 ¹
1091 1688 1095 1693 ·
1146 1713 1151 1722 ,

222 1794 412 1855 Aristoteles
433 1809 452 1852 a
474 1778 545 1871 cai).
567 1790 656 1852 Vlll.
678 1790 829 1873 principio
851 1791 995 1874 inquirit,
1028 1773 1236 1877 ἤχρηματι-

3 1930 8 1939 ·
136 1889 231 1984 στική
254 1913 355 1979 utrum
378 1900 420 1962 sit
442 1895 502 1984 τῆς
521 1890 725 1983 οἰκονομικῆς
745 1918 839 1983 pam,
870 1920 911 1963 an
941 1901 983 1963 ab
1004 1918 1043 1963 ea
1063 1897 1148 1963 εἴδει
1168 1901 1238 1964 dif-

137 2010 236 2089 leret3
258 2006 340 2074 idem
363 2007 444 2068 enim
468 2024 543 2068 ease
565 2025 626 2068 non
649 2015 802 2086 possunt,
834 2022 931 2087 quum
954 2007 1084 2068 alterius
1112 2005 1155 2069 ait
1183 2024 1239 2071 ree

136 2114 308 2179 familiares
336 2118 540 2196 comparare,
576 2113 674 2176 rebus
703 2117 896 2194 comparatis
922 2113 967 2175 uti
985 2114 1141 2176 alteriue·
1168 2115 1240 2179 Sed

137 2228 249 2304 copiae
261 2223 432 2285 familiares
442 2239 537 2304 quum
550 2223 628 2284 inter
638 2240 676 2283 se
685 2221 749 2284 aiut
762 2221 910 2283 diversae
920 2223 1181 2305 eompuaitaeque
1193 2243 1237 2286 ex

136 2331 278 2414 partibus
300 2331 453 2395 diversior
471 2317 492 2415 ἡ
504 2318 740 2415 χρηματιοτική
757 2350 838 2412 quee
859 2349 916 2393 eas
938 2331 1071 2413 acquirit
1093 2346 1236 2395 neeesse

137 2448 188 2502 est
205 2439 364 2504 'diversas
393 2440 510 2503 lrabeat
537 2450 654 2522 partes.
704 2440 846 2502 Primum
877 2440 974 2521 igitur
1001 2437 1237 2502 eorrelderautla

137 2558 188 2609 est
208 2566 247 2609 ea
269 2533 520 2632 χρηματιοτική,
546 2527 617 2629 ουκ
630 2565 690 2609 οοο
713 2548 905 2609 commercio
926 2545 1072 2632 immines
1092 2545 1152 2608 aed
1174 2563 1240 2610 sua

136 2655 195 2716 eibi
226 2673 324 2736 opera
353 2655 472 2717 vietum
499 2663 653 2736 quaerunt
682 2675 724 2717 ex
752 2657 831 2717 mari
867 2663 900 2716 et
929 2662 1021 2718 terra.
1066 2640 1237 2719 Eiusmodi
1291 2662 1298 2675 '

137 2770 242 2823 alitem
264 2778 316 2822 ree
333 2761 477 2823 omnibus
491 2761 626 2823 tributae
638 2779 713 2823 esse
734 2760 881 2823 videntur
893 2769 1004 2824 natum
1017 2763 1096 2843 ipra.
1141 2762 1240 2827 Unde

136 2868 289 2948 requitur,
313 2874 347 2927 ut
369 2853 654 2950 ἠχρημοιτιστική,
675 2884 755 2949 quae
778 2885 836 2929 eae
857 2867 979 2950 colligit
999 2885 1052 2945 reu
1076 2877 1107 2929 et
1128 2884 1239 2949 appa-

136 2983 203 3054 rat,
225 2993 287 3037 uon
308 2972 486 3036 seeundum
514 2982 658 3035 naturam
680 2991 837 3036 essenon
859 2975 970 3055 posuit
1015 2975 1131 3057 Neque
1153 2994 1238 3039 vero

139 3081 178 3144 ub
214 3080 277 3143 hae
304 3091 373 3143 arte
402 3099 441 3142 ea
478 3079 658 3160 separanda
684 3088 754 3163 est,
796 3100 858 3162 qua
887 3080 1034 3143 aulmalia
1062 3083 1240 3145 venatione

139 3199 196 3250 aut
218 3188 305 3250 belle
322 3190 521 3269 exeipiuutur
543 3196 576 3250 et
598 3187 741 3251 hemines
762 3189 801 3251 ad
823 3187 1029 3250 serviendum
1045 3196 1158 3250 natura
1171 3207 1240 3270 ge-

138 3297 247 3358 nerati.
297 3296 391 3372 Quae
420 3295 495 3357 item
525 3304 577 3359 est
601 3295 776 3359 seeundum
798 3305 951 3358 naturam.
994 3295 1105 3359 Omnis
1127 3306 1240 3360 autem

139 3411 220 3474 lraee
240 3397 372 3492 κτητικὴ
393 3416 493 3489 (quae
515 3417 566 3470 est
607 3409 764 3471 euundum
787 3409 947 3478 naturam)
968 3423 1043 3487 pars
1066 3413 1117 3467 est
1138 3396 1237 3465 οἰκο-

128 3512 277 3600 .κομικῆς.
320 3517 393 3593 Qua
415 3500 466 3595 qui
489 3519 629 3579 conteuti
650 3527 738 3595 suut,
759 3532 856 3577 verae
880 3514 910 3575 ei
926 3514 986 3575 ribi
1001 3522 1113 3595 parant
1126 3532 1237 3577 rerum

139 3627 257 3690 utilium
273 3623 417 3703 divitias,
432 3632 465 3685 et
486 3623 617 3686 eaedem
640 3624 746 3687 linitae
767 3621 856 3696 (Pol.
878 3625 902 3685 l.
923 3623 981 3695 8.).

220 3733 283 3794 Eut
302 3750 381 3793 vero
402 3740 509 3813 genua
530 3730 612 3794 aliud
639 3727 909 3816 χρηματιστικῆς,
931 3731 1021 3813 quod
1035 3730 1234 3799 ,divitiarum
1260 3792 1264 3799 ,

138 3841 324 3904 infinitatem
353 3839 510 3921 quandam
540 3843 672 3923 appetit.
726 3839 800 3901 lloe
827 3856 934 3921 genua
962 3839 1093 3920 primum
1123 3847 1235 3905 uatum

138 3957 254 4011 estex
274 3948 425 4011 mercium
454 3947 695 4029 permutatione.
746 3945 844 4026 Quae'
868 3938 999 4030 quidem
1024 3958 1127 4009 exeo
1149 3953 1234 4026 ertu,

129 4054 222 4138 quod
244 4055 358 4137 quibus
379 4057 475 4118 rebus
496 4055 549 4119 alii
570 4047 782 4135 abundabunt,
797 4055 981 4118 eisdemalil
995 4053 1144 4137 egebant,
1166 4071 1233 4114 uon

137 4174 190 4228 est
206 4174 318 4249 eontra
330 4176 484 4248 naturam,
501 4186 595 4249 quum
604 4166 899 4229 aitadeufliuieuter
911 4152 1103 4246 (οὕταρκες)
1113 4164 1234 4247 viverr-

137 4276 414 4369 dumueeeeearia.
436 4278 577 4342 Peeuuia
587 4286 694 4340 autem
707 4277 847 4354 iuventa,
870 4292 1003 4367 prauum
1014 4274 1092 4337 illud
1105 4271 1234 4356 quidem
