2730 4816
128 603 418 689 etareboepnbtieia
427 620 505 666 eeee
513 602 631 682 autent,
641 620 742 664 norae
755 597 1237 687 popularieeaptetoreewquu-

128 699 276 796 φορούς).
287 710 530 775 commutantur
541 726 618 771 rere
629 716 685 772 aut
694 706 726 771 in
739 703 938 787 tyrannidem
954 714 1010 768 aut
1019 706 1051 769 ie
1065 702 1234 793 δημοκρα.

128 813 202 883 τίαν
210 817 411 882 deterrimam
420 814 480 893 (V.
487 816 545 888 5.).
568 817 633 879 taor
654 822 759 877 eutem
771 798 959 897 ὀλιγαρχίας
977 815 1096 878 statue*
1111 813 1240 880 duabne

129 929 173 992 de
195 928 304 991 naueh
325 933 484 1004 mutatur,
506 932 561 986 eut
581 941 638 1004 per
659 920 823 1004 populum,
844 940 939 1004 quoru
963 922 1003 985 ab
1026 925 1076 985 eie
1096 925 1150 1005 qui
1170 925 1235 986 inr-

128 1039 252 1118 pertun
273 1044 384 1099 tenent
404 1033 573 1116 uegtootue
592 1039 626 1094 et
642 1038 842 1114 eontemptue
860 1031 958 1094 rebue
977 1033 1073 1094 noun
1092 1031 1236 1115 etudeat,
1347 1058 1351 1065 ¹

128 1154 186 1211 eut
217 1163 272 1225 per
310 1140 451 1223 divites,
490 1141 544 1223 qui
575 1139 771 1221 reipublioae
809 1147 959 1219 preeeuut
987 1139 1042 1205 vei
1081 1158 1237 1222 praeeeae

132 1252 313 1319 moliuntur.
361 1248 471 1313 Habet
498 1255 605 1312 auten
624 1235 799 1330 ὀλιγαρχία
820 1244 949 1326 perinde
970 1264 1012 1310 ee
1032 1241 1239 1332 deuexum&

131 1361 192 1424 iter
212 1357 253 1422 ad
273 1366 394 1422 etatum
415 1357 606 1432 eontrarium
629 1363 662 1418 et
680 1352 724 1418 ad
744 1352 932 1417 deteriorem
949 1341 1138 1438 ὀλιγαρχίας
1157 1373 1238 1438 epa«

133 1473 218 1535 oiero
245 1485 403 1552 praecepa
432 1484 475 1532 ao
501 1466 663 1532 lubricum.
722 1466 869 1545 Denique
900 1463 941 1527 de
973 1453 1240 1551 ἀριστοκρατίαις

132 1577 227 1660 dieit,
259 1577 358 1638 multe
384 1596 427 1639 ex
453 1576 551 1637 rebue
572 1574 676 1655 geetie
697 1573 844 1654 exemplu
866 1571 1015 1637 afferens.
1069 1573 1239 1654 Quemad-

133 1686 258 1749 modum
281 1692 387 1748 eutem
409 1686 440 1747 in
460 1683 606 1748 iibroiV.
621 1702 692 1746 cum
713 1676 898 1754 πολιτείαις
911 1687 1131 1765 quaeatiouenr
1150 1700 1238 1745 eon·

135 1794 238 1857 iunxit
258 1792 300 1856 de
322 1790 553 1857 eunetituendie
579 1768 859 1876 ἆρἰοτοκρατίαιςε
882 1794 929 1855 tta
954 1791 1018 1854 hoo
1045 1792 1118 1854 ineo
1137 1792 1235 1867 etiam

134 1899 174 1963 de
195 1894 366 1973 πολιτείας
387 1899 612 1962 mutationibus
632 1899 778 1980 loquitur.
819 1899 987 1962 Poetreme
1008 1898 1104 1962 deleri
1126 1916 1239 1964 oroneo

135 2009 287 2072 eivitetoe
306 2016 339 2070 et
358 2008 523 2089 exetingui
544 2006 638 2069 docet
656 2010 792 2071 toternte
814 2009 909 2089 quent
925 2007 1044 2081 morbi·
1063 2008 1119 2071 vet
1140 2011 1237 2075 etiarn

139 2122 345 2180 externarum
367 2116 527 2176 nationum
550 2132 648 2194 opere
670 2113 728 2188 (V.
747 2114 807 2184 9.).

198 2247 256 2310 nr.
278 2245 372 2324 Quae
386 2247 451 2308 eiut
462 2247 492 2308 in
503 2247 701 2323 universum,
713 2254 745 2308 et
758 2265 840 2328 quae
860 2246 996 2328 eiuguiie
1011 2247 1241 2328 rebuepubiiote

136 2351 316 2417 medicinae
343 2353 447 2436 eapite
467 2363 586 2414 netevn
612 2359 767 2416 aeeurete
787 2332 935 2434 explicet.
978 2355 1115 2416 Primum
1143 2354 1240 2438 igitur

139 2479 234 2542 quum
257 2459 407 2523 civitatee
435 2461 548 2543 quibue
569 2459 664 2522 rebue
686 2470 924 2544 corrumpentur
940 2461 1101 2541 eoiemue;
1122 2464 1241 2525 eeiruoe

139 2566 234 2630 etium
257 2567 372 2649 quibue
393 2576 632 2633 eoueerventur.
673 2566 798 2630 Deinde
819 2569 851 2629 in
872 2570 995 2651 legibue
1015 2578 1143 2632 ouutum
1166 2586 1242 2632 eeee

139 2679 219 2758 vuit,
241 2697 281 2738 ue
302 2696 424 2759 parvae
448 2695 502 2740 ree
524 2685 683 2740 mutentur
710 2685 743 2740 et
764 2676 914 2738 minutae.
965 2677 1113 2759 Denique
1140 2677 1240 2740 muita

140 2783 181 2848 de
202 2785 265 2846 heo
286 2805 321 2846 re
342 2794 374 2847 et
392 2786 561 2866 praeclara
581 2783 677 2851 uadit
700 2790 873 2864 praecepta
892 2783 951 2858 (V.
970 2783 1028 2854 8.).

225 2908 284 2975 Ν.
305 2907 474 2989 Reliquum
497 2915 561 2987 eet,
578 2914 612 2969 ut
634 2905 768 2988 dieatur,
791 2905 907 2986 quibus
931 2904 1127 2986 potiseturam
1147 2905 1245 2971 rebus

139 3015 255 3083 divitae
276 3031 356 3077 eaoa
384 3021 417 3074 et
434 3012 528 3076 saiva
551 3020 768 3081 conservetur.
822 3010 960 3073 Primum
989 3011 1087 3091 igitur
1115 3009 1243 3092 edocet,

136 3124 250 3206 quales
266 3138 340 3185 οισι
356 3119 493 3184 debeeut
515 3118 555 3195 ei,
569 3118 621 3200 qui
633 3135 748 3198 gerere
762 3133 904 3178 summer
916 3117 1014 3181 veiint
1030 3118 1244 3199 magistratui.

138 3228 262 3301 Deinde
291 3228 332 3293 de
353 3226 573 3291 mediooritate
607 3223 744 3301 disserit,
779 3242 860 3306 quoe
884 3219 1083 3306 quiden'ett
1104 3226 1137 3289 io
1158 3229 1245 3293 eet,

139 3335 253 3401 bondis
270 3337 394 3421 legibue
409 3335 557 3418 tenenda,
569 3334 704 3415 denique
717 3332 758 3396 de
773 3334 962 3396 educatione
972 3334 1106 3418 eioguiie
1119 3352 1244 3403 terent·

139 3447 338 3537 publicarum
358 3447 472 3513 formis
493 3443 735 3511 euoomurodeta
755 3445 817 3517 (V.
838 3447 896 3518 9.).

240 3556 342 3640 Quum
371 3567 520 3641 quattuor
550 3575 631 3640 quae
660 3563 751 3619 erant
772 3553 955 3636 propositae
976 3554 1180 3636 quaestionee
1202 3555 1246 3619 ita

90 3643 93 3650 ¹
140 3663 306 3736 institutae
334 3669 367 3727 et
403 3670 636 3745 pertractatae.
654 3664 739 3743 eiot,
777 3680 839 3731 nou
869 3662 973 3727 eeluro
1006 3661 1177 3743 disputatio
1206 3659 1247 3727 de

141 3775 321 3844 eivitatium
360 3774 490 3843 interitu
529 3782 563 3839 et
599 3775 857 3856 eoueervatioue,
887 3794 997 3841 verum
1033 3776 1127 3840 etiarn
1167 3774 1249 3840 haee

145 3892 214 3953 tuta
234 3882 319 3965 'pere
345 3882 385 3949 ad
413 3884 506 3948 tinem
534 3883 689 3967 perducto
719 3905 796 3950 esee
825 3887 961 3951 videtur.
1004 3887 1141 3951 Primum
1163 3891 1247 3953 entra

144 3990 338 4061 Aristoteles
369 3990 580 4059 dinumeravit
607 3979 797 4080 ὀλιγαρχίας
823 3997 953 4074 epentee
974 4002 1007 4056 et
1028 3989 1249 4080 δημοκρατίας

144 4106 179 4158 et
199 4085 469 4184 ἆριοτοκρατίαςς
492 4099 606 4162 deinde
627 4102 795 4183 quaesivit,
810 4120 870 4162 eae
887 4101 1000 4184 quibue
1021 4105 1144 4184 populis
1163 4121 1248 4168 oen·

139 4204 276 4274 uertunt
295 4213 329 4269 et
345 4206 466 4287 quoue
489 4199 668 4286 πολιτείας
699 4218 764 4270 tum
793 4207 986 4289 quommodo
1014 4213 1249 4276 constituentur

143 4311 309 4392 exposuit3
338 4312 380 4376 ad
408 4323 603 4395 postremum
636 4314 750 4396 quibua
780 4314 878 4377 retine
901 4328 1156 4400 demereantur,
1175 4324 1249 4405 qui-
