2730 4816
181 589 221 653 de
259 588 455 666 institutione
497 595 670 674 iuvenum,
712 595 875 674 virorum,
918 608 1033 658 senum
1067 595 1162 679 plane
1207 597 1287 663 nibil

181 700 327 782 legimus.
355 688 424 777 Οδχ
445 688 554 761 ἱκανὼ
574 695 686 772 δ’ἴσως
705 694 796 773 νέους
815 688 912 774 ὄντας
932 698 1061 787 τροφῆς
1079 698 1136 766 καί
1159 697 1287 784 ἔτετμε.

179 799 272 877 λείας
291 805 400 882 τυχεῖν
422 793 538 888 ὀρθῆς·
558 792 631 866 e'lt’
653 793 770 888 ἐπειδή
790 799 846 867 καὶ
867 793 1101 890 ἀνδρωθέντας
1128 805 1182 871 δεῖ
1199 803 1284 872 ἐτιτ-

178 901 328 995 τηδεύειν
349 902 433 976 αὐτοὶ
454 909 509 975 καὶ
541 908 736 994 ἐθίζεσθαι,
757 908 812 975 καί
835 907 915 998 περὶ
943 909 1047 977 ταῦτα
1067 910 1220 995 decipe&
1243 907 1286 978 tir

177 1011 285 1100 νόμων
306 1023 398 1101 (uin.
425 1022 491 1084 Nic
510 1024 553 1086 X.
577 1023 678 1096 10.).“
701 1023 840 1085 Primum
862 1033 969 1086 antem
990 1022 1149 1106 quodeua
1162 1024 1286 1106 cuique

176 1132 276 1193 aetati
297 1129 404 1192 studia
422 1134 454 1193 in
482 1130 684 1193 Pelilieornm
716 1131 806 1194 libris
831 1132 1006 1194 constituta
1033 1149 1111 1195 esse
1128 1132 1284 1213 negavit,

181 1238 283 1301 leena
309 1246 372 1300 eet.
424 1236 662 1302 Adulescentes
694 1239 776 1300 enim
810 1255 917 1319 usque
949 1237 991 1301 ad
1016 1239 1134 1301 aetatis
1160 1257 1284 1303 annum

176 1346 268 1409 XXl.
289 1360 418 1427 operam
439 1343 517 1408 dara
538 1345 632 1408 iussit
652 1347 795 1426 corporis
821 1346 1105 1409 exercitationibus
1130 1361 1174 1409 ac
1193 1345 1284 1410 libe-

177 1455 297 1517 ralibus
316 1453 450 1521 artibus.
492 1454 590 1517 Viros
611 1462 720 1517 aetate
743 1455 930 1518 nonirmata
951 1455 1054 1518 veluit
1078 1454 1128 1517 rei
1148 1454 1281 1521 militari

175 1562 326 1640 studere,
345 1569 422 1623 nstn
444 1561 581 1625 maiores
600 1561 724 1625 indices
744 1579 823 1626 esse
843 1569 877 1625 et
896 1548 1144 1643 βασλεττικοίςς
1176 1579 1280 1627 senes

176 1678 213 1731 ut
237 1667 451 1732 sacerdotium
483 1668 597 1731 inirent
619 1669 792 1751 praecepit
840 1667 1035 1752 Contingius
1059 1679 1167 1733 autern
1191 1669 1281 1753 qued

172 1776 266 1859 leges
288 1775 329 1837 de
350 1774 465 1839 ollioiie
487 1776 777 1858 institutionemque
801 1775 964 1852 iuvenum,
983 1777 1138 1855 virerum,
1159 1794 1276 1841 senum

175 1891 424 1960 commemorat,
456 1897 590 1965 putasse
617 1884 744 1947 videtur
770 1885 802 1947 in
830 1884 975 1948 Politiois
995 1884 1105 1949 officis
1124 1886 1276 1969 seleges

174 1990 389 2054 enumeranda
410 1990 526 2071 luisse,
547 1991 661 2073 qnibns
681 1994 724 2054 illi
746 1991 788 2056 ad
810 1993 962 2059 virtutem
982 1991 1149 2059 colendam
1169 1993 1279 2063 inins-

172 2107 342 2163 marentnr.
383 2101 430 2162 Aa
449 2117 530 2164 vero
548 2101 641 2183 leges
662 2098 705 2161 de
724 2098 842 2161 ciliciis
861 2100 976 2182 eisque
998 2100 1042 2163 de
1057 2099 1175 2180 rebus,¹
1189 2119 1278 2181 qnae

171 2208 339 2271 faciendae
354 2207 569 2289 fugiendeove
589 2212 718 2288 sunt‚in
740 2208 885 2271 omnibus
907 2205 1041 2271 eaedem
1061 2215 1138 2271 sunt
1154 2207 1277 2277 rebus·

169 2317 314 2401 publicis.
357 2320 470 2402 λαμ
490 2327 597 2380 antem
618 2318 764 2380 omnibns
785 2318 972 2381 civitatibus
989 2317 1277 2398 communes,aiue

169 2425 211 2490 ad
221 2424 327 2491 odinis
349 2434 382 2489 et
396 2427 533 2488 virtutes
553 2426 627 2489 siva
649 2427 729 2488 alias
748 2426 791 2488 ad
811 2443 866 2488 res
878 2426 1097 2508 pertinereqeb
1119 2425 1169 2489 eie
1185 2442 1276 2508 quae

169 2537 228 2600 sibi
256 2545 466 2618 proposuerat
499 2537 692 2600 Aristoteles
720 2537 842 2599 eliense
869 2554 949 2599 asse
976 2536 1078 2600 duxit.
1120 2535 1176 2599 ct.
1198 2537 1271 2601 l'al.

168 2649 227 2711 lll.
253 2648 301 2710 15.
327 2636 374 2708 Td
387 2633 512 2726 μὲνοῦν
528 2641 608 2731 περί
621 2634 841 2732 τῆςτοιαιίτης
858 2641 1056 2733 στρατηγίας
1075 2638 1271 2711 mannum

167 2741 276 2834 νόμων
290 2744 358 2832 ἔχει
377 2749 501 2834 pil-inv
520 2741 611 2826 εἶδος
630 2743 653 2836 ἢ
674 2745 903 2833 πολιτείαςζέν
921 2739 1109 2826 ἀπάσαις
1131 2741 1197 2838 γαρ
1218 2742 1273 2816 is-

166 2858 300 2941 δέχεται
326 2858 496 2944 γίγνεσθαι
514 2859 613 2924 cosso
636 2862 713 2937 ταῖς
742 2856 936 2936 πολιτείαις
954 2851 1034 2924 ὥστ’
1060 2848 1271 2946 ἀφείσθω

166 2961 225 3058 τήν
245 2960 387 3058 πρώτην.
408 2974 449 3036 el.
464 2976 520 3036 lll.
545 2978 592 3037 te
614 2975 731 3056 Neque
744 2976 826 3039 enirn
841 2976 1028 3058 ingeniine
1046 2973 1078 3036 in
1099 2973 1274 3056 discepta-

164 3084 281 3147 tionern
305 3083 453 3164 veniunt,
491 3082 552 3144 nisi
573 3098 657 3165 qaae
675 3081 817 3145 diversis
831 3082 1135 3164 rerumpublicarum
1143 3081 1272 3145 dormis

163 3202 241 3256 sunt
275 3194 440 3274 propriae3
478 3191 580 3254 velntl
619 3192 735 3275 quibus
764 3186 940 3275 statuitur,
977 3200 1057 3273 quot
1089 3198 1124 3254 et
1150 3191 1272 3272 quales

165 3301 359 3382 reipublicae
388 3303 552 3383 praesint,
583 3319 644 3383 per
671 3319 754 3384 qnos
784 3303 996 3385 magistratus
1025 3309 1058 3362 et
1075 3315 1119 3361 ex
1139 3299 1273 3379 quibas,-

168 3407 352 3490 deligentnr.
396 3411 506 3491 bages
528 3426 606 3470 vern
626 3426 711 3491 qnae
729 3415 808 3471 sunt
828 3408 869 3470 de
889 3407 1061 3470 virurtibus
1075 3405 1269 3483 moralibus,

166 3544 261 3609 qnum
285 3527 316 3588 in
338 3525 541 3589 Politicornm
564 3524 649 3586 libris
672 3542 733 3586 non
756 3523 918 3606 tetigerit,
949 3523 1116 3605 reliquisse
1137 3519 1272 3584 videtur

164 3632 299 3715 politicis
321 3649 349 3693 s.
370 3625 603 3709 βουλευτικοῖς,
626 3634 680 3712 qui
702 3629 880 3695 exlltlricis
899 3629 993 3692 linem
1013 3624 1074 3712 τῆς
1092 3622 1271 3712 πολιτικῆς

161 3745 322 3829 cognitum
343 3742 498 3804 baberent
517 3742 780 3823 singularumque
800 3741 956 3801 virtutum
979 3738 1042 3800 vim
1062 3744 1268 3799 atnaturam.

248 3852 290 3919 V.
312 3852 543 3915 Examinemus
574 3858 797 3931 argnrncntnm
825 3856 985 3930 quartum:
1024 3845 1138 3927 „Ntnrt
1165 3847 1268 3908 mam

161 3958 306 4022 videmus
328 3958 367 4021 de
390 3959 547 4022 societate
570 3958 749 4041 coniugali,
778 3952 935 4041 quomodo
955 3950 1009 4015 illa
1030 3969 1122 4035 quam
1145 3951 1270 4032 optime

160 4069 277 4132 debeat
297 4068 456 4146 exerceri,
495 4075 550 4129 ant
570 4083 649 4127 vero
672 4062 828 4147 quomodo
849 4080 964 4146 gerere
983 4078 1021 4122 se
1043 4056 1180 4123 feminae
1203 4056 1270 4122 de-

159 4176 277 4257 beant,
309 4194 390 4257 quae
409 4177 543 4240 alteram
567 4172 711 4237 civitatis
731 4181 853 4254 partem
872 4169 1080 4244 constituunt,
1113 4183 1264 4251 quasque

157 4306 219 4350 nnn
256 4284 337 4347 bene
368 4284 560 4350 constitutas
595 4281 782 4363 Spartorum
817 4275 1042 4358 rempublicam
1075 4273 1261 4359 perdidisse
