2730 4816
551 440 758 504 ..71-

111 619 192 709 saepi
213 620 272 707 τῆς
293 617 462 695 πολιτείας
482 611 556 707 r‘p'dp·
570 618 746 708 πειρατέον
767 619 871 704 λέγειν
890 617 949 705 τῆς
968 612 1115 707 ἆρίστης,
1136 617 1208 684 τίνα
1306 692 1311 701 x

111 727 240 816 φέφυνιε
256 725 408 815 γίνεσθαι
423 718 546 815 τρόπον
566 726 621 793 καὶ
642 723 870 813 καθίστασθαι
891 726 971 803 πῶς.
1012 718 1147 818 Ἀνάγκη
1168 720 1211 815 δὴ

112 828 169 907 τὸν
205 835 365 919 μέλλοντα
406 835 486 924 περὶ
523 827 624 923 αὐτῆς
654 825 862 921 ποιήσασθαι
896 827 954 920 τήν
986 826 1214 924 προσήκουσαν

114 940 242 1031 σκέψιν.
348 994 351 999 .

199 1100 292 1162 Haeo
321 1110 354 1161 et
383 1100 460 1172 alia,
498 1117 581 1181 quae
609 1116 671 1161 non
698 1097 800 1160 solum
831 1098 974 1162 Politiois
1004 1098 1061 1161 sed
1092 1098 1215 1185 Ethicis

116 1211 213 1270 etiarn
234 1210 446 1286 continentur,
484 1205 636 1289 deinceps
660 1203 916 1285 consideremus,
948 1215 983 1267 ut
1013 1205 1117 1288 quoad
1147 1208 1217 1270 eius

117 1315 226 1378 iacere
256 1315 436 1396 possimus,
470 1313 510 1378 de
540 1315 689 1409 librorum
718 1313 826 1408 ordine
853 1315 1107 1378 controversiam
1137 1314 1217 1393 diri-

117 1441 254 1486 mamus.

202 1569 226 1635 l.
249 1569 284 1630 ln
306 1568 432 1630 lithlcls
455 1566 551 1650 igilur
571 1567 738 1663 Aristoteli
759 1566 791 1630 id
823 1567 1018 1650 propositum
1046 1567 1148 1630 fnisse
1170 1566 1220 1630 di·¹

120 1673 237 1755 ximus,
255 1684 289 1751 ut
309 1674 480 1749 illustraret
498 1668 557 1757 τῆς
577 1668 748 1756 πολιτικῆς
768 1659 937 1752 δυνάμεως
957 1675 1052 1736 linem
1074 1694 1105 1737 v.
1127 1691 1220 1734 sum·
1290 1706 1295 1718 ·

120 1800 203 1843 muru
226 1779 340 1842 bonum
364 1779 545 1860 humanum,
568 1779 661 1841 alumi
683 1769 846 1864 ἐνέργειαν
867 1778 1043 1841 secuudum
1060 1778 1220 1873 virtutem.

122 1891 324 1955 Politicorurn
334 1890 431 1953 libros
441 1901 545 1973 autem
562 1888 827 1969 utuinisjadiungi
840 1906 975 1956 necesse
987 1889 1059 1968 fuit,
1076 1894 1110 1951 ut
1130 1906 1225 1950 sum·

123 2019 207 2062 muru
230 1997 303 2060 illud
327 2000 453 2075 bonum,
476 2000 623 2061 virtutem
647 1999 733 2079 dico,
756 1994 913 2080 quomodo
936 1997 1080 2059 homines
1101 2013 1224 2059 conse·

123 2119 295 2190 querentur
323 2107 546 2186 explicaretur.
590 2105 695 2183 Quum
724 2114 831 2166 autem
862 2104 902 2167 ad
933 2109 1084 2172 virtutem
1107 2123 1226 2169 conse-

15 2290 21 2295 ·
126 2213 284 2296 quendam
294 2215 386 2296 leges
396 2213 598 2274 necessariae
608 2213 671 2273 sint
681 2221 790 2272 rectae
806 2213 950 2294 bonaque
973 2222 1004 2274 ot
1027 2211 1174 2275 educatio
1196 2221 1229 2276 et

123 2320 323 2397 consuetudo
348 2330 381 2383 ct
403 2319 534 2400 civitas,
555 2319 586 2379 in
608 2318 751 2380 Politiois
771 2321 912 2415 inprimis
930 2318 1143 2399 quaerendum
1166 2327 1228 2402 est,

123 2452 279 2514 quaenam
302 2436 347 2491 eit
370 2432 451 2491 bona
470 2450 497 2494 o.
519 2433 636 2507 optima
658 2434 784 2503 civitas,
816 2434 947 2510 ciuepm
967 2449 1124 2510 quaenam
1142 2431 1229 2508 tepea

76 2581 78 2584 ⁴
125 2544 163 2603 dc
184 2543 386 2614 educatione,
410 2540 450 2599 de
470 2539 695 2614 assuetudine,
716 2539 755 2597 de
776 2544 841 2598 tota
861 2541 934 2598 nita.
977 2536 1097 2599 Virtuti
1118 2547 1224 2600 autem

125 2667 220 2730 quum
234 2656 382 2729 tanquam
404 2645 621 2709 instrumentis
639 2646 730 2705 donia
748 2646 934 2726 quibusdum
950 2662 1032 2728 opus
1054 2646 1098 2707 sit
1118 2652 1232 2708 cater-

127 2760 191 2835 nia,
212 2774 250 2816 en
263 2771 387 2836 quoque
409 2753 438 2813 in
462 2751 605 2815 Politiois
626 2750 840 2814 adumbranda
856 2763 939 2814 sunt.
984 2752 1107 2830 Quibus
1128 2751 1232 2813 omni-

129 2858 191 2919 bus
206 2860 374 2939 expositis,
396 2858 543 2920 concludi
564 2867 662 2920 totum
684 2876 766 2941 opus
788 2858 918 2931 (lithica
937 2867 971 2920 et
987 2860 1136 2932 Politice)
1170 2878 1233 2940 po-

132 2972 235 3045 terat,
260 2983 354 3045 quum
385 2963 608 3028 adulescentes
659 2967 810 3030 bonorum
831 2967 973 3028 ultimum
997 2967 1124 3048 etquid
1147 2975 1237 3030 esset

132 3073 376 3151 didicissent,⁴ct
396 3087 458 3151 qua
479 3070 511 3134 id
531 3074 652 3134 ratione
664 3073 874 3154 impertiretur
889 3073 1081 3136 civitatibus.
1105 3076 1238 3137 Praeter

134 3181 217 3243 haec
238 3198 330 3241 nemo
360 3187 446 3242 certe
465 3177 742 3259 aliudquidquam
764 3180 955 3260 requireret,
988 3179 1049 3241 nisi
1070 3178 1110 3241 de
1132 3181 1237 3242 omni-

131 3287 191 3349 bus
215 3283 450 3365 rebuspublicis
472 3282 676 3364 Aristoteles,
702 3301 763 3345 nou
785 3283 828 3368 de·
847 3283 966 3364 optima
982 3283 1083 3345 solun
1106 3285 1239 3348 civitate

134 3408 166 3461 et
188 3398 315 3482 legibus
339 3399 502 3479 disputare
524 3396 721 3459 instituisset.
765 3395 848 3475 Quid
866 3395 999 3462 autem?
1019 3398 1135 3460 Nonne
1154 3399 1240 3480 prius

133 3509 218 3572 illam
264 3526 327 3589 qua
356 3508 472 3569 Ethica
496 3505 647 3569 inchoata
681 3503 886 3586 perficiuntur
922 3525 988 3567 rem
1023 3506 1240 3567 necessariam

134 3616 292 3692 absolvet,
316 3634 410 3696 quam
426 3616 567 3696 proferat
581 3615 673 3678 aliam
697 3622 729 3675 et
750 3617 855 3676 minus
876 3618 1092 3678 necessariam
1116 3622 1150 3674 et
1171 3630 1243 3675 cum

134 3728 258 3792 Ethicis
279 3747 341 3789 non
363 3726 532 3790 admodum
555 3722 775 3790 coniunctam?
798 3726 850 3786 An
874 3722 1039 3785 Aristoteli
1061 3722 1124 3783 ulla
1146 3739 1243 3784 musa

136 3840 213 3913 fuit,
240 3853 298 3898 our
327 3844 546 3917 praeteream
574 3850 743 3914 qnamres
757 3836 827 3913 ipsa
842 3836 1055 3893 monstrasset
1065 3816 1246 3911 ¹disputandi

135 3951 223 4009 vlam
247 3945 340 4008 aliam
370 3941 616 4026 ingrederetur?
636 3944 752 4023 Neque
773 3944 909 4021 scriptor
926 3943 1010 4018 ipse,
1031 3938 1244 4020 neqneinter·

137 4060 261 4136 preturn
283 4053 450 4134 ‘quisquam
475 4053 719 4131 ullanunquan
736 4064 865 4111 causam
886 4045 1065 4108 attulerunt
1096 4048 1247 4110 Attamen

134 4159 308 4223 secundum
344 4160 531 4232 tralaticium
559 4159 705 4221 librorum
734 4155 874 4218 ordinem
907 4160 1040 4237 primum
1071 4154 1184 4219 dicitur
1206 4154 1246 4217 de

133 4269 279 4334 omnibus
306 4270 492 4351 civitatibus
533 4276 662 4351 praeter
685 4266 849 4347 optimam,
883 4265 996 4330 deinde
1017 4268 1057 4326 de
1085 4264 1246 4344 repetition
