2730 4816
563 428 790 496 ...123-

131 561 297 705 sequedda
322 622 385 683 siut
414 625 448 683 et
477 617 689 682 observanda.
732 617 883 680 Ceterum
910 603 1099 701 ὀλιγαρχίας
1118 616 1230 700 ‘genus

129 733 263 816 primum
286 728 412 812 iegibus
433 724 614 787 moderatur
635 720 829 796 πολιτικαῖς.
868 723 938 786 Sed
963 723 1046 787 haec
1063 723 1230 787 hactenus.

231 836 335 916 Quum
364 845 468 897 autem
491 852 563 895 enm
584 833 711 910 iocum,
732 850 827 913 quem
848 831 909 892 sibi
930 833 1055 893 tertium
1076 832 1106 894 in
1129 833 1178 895 iV
1197 833 1230 895 ἱ.

131 944 317 1027 proposuit,
356 943 486 1004 brovius
517 939 727 1021 explicaverit
757 938 814 1000 iv.
845 937 884 999 1²
914 947 947 999 et
977 939 1048 1003 ia:
1091 938 1227 1002 eundem

129 1059 162 1114 ut
191 1058 385 1132 pertractet,
409 1049 521 1130 paucis
541 1047 688 1129 inquirit,
727 1063 809 1128 qurrs
840 1051 879 1107 ad
913 1048 1048 1127 populos
1082 1047 1232 1130 quodque

130 1160 177 1219 ait
207 1146 396 1241 ὀλιγαρχίας
421 1173 526 1240 genus
559 1166 667 1236 aptum
700 1162 733 1218 ct
761 1154 1047 1218 accommodatum.
1109 1157 1230 1238 Neque

131 1283 213 1329 vero
235 1266 326 1328 nobis
348 1266 379 1328 id
401 1265 655 1345 inexspecintum
679 1264 789 1325 venire
812 1271 930 1343 potest,
951 1263 1037 1345 quod
1057 1282 1097 1327 se
1118 1265 1230 1329 iacto·

131 1393 199 1437 rum
232 1373 263 1435 in
296 1371 458 1453 prooemio
487 1373 633 1453 promisit
662 1360 750 1450 (ἅμα
776 1359 893 1445 (ἄλλα)
919 1387 958 1432 τε
990 1366 1071 1456 περὶ
1099 1365 1229 1435 ἐκείνων

127 1477 209 1557 (τῶν
238 1473 429 1553 πολιτειῶν)
463 1474 496 1539 εί
525 1495 560 1537 τι
586 1465 716 1554 λοιπόν,
746 1464 786 1537 οὐ
814 1477 925 1562 χεῖρον
950 1467 1231 1565 ἐπισκέψασθαι).

65 1560 70 1569 ⁸
127 1590 272 1668 Denique
316 1585 436 1650 additis
468 1582 657 1665 quibusdam
690 1583 731 1644 de
762 1571 952 1665 ὀλιγαρχίας
968 1588 1231 1654 conservatione

130 1699 323 1778 praeceptis,
351 1694 425 1758 huin
445 1693 570 1775 quidem
593 1691 795 1771 disputationi
818 1690 912 1753 finem
935 1693 1020 1753 iacit

181 1804 255 1866 Hac
267 1804 361 1884 igitur
369 1801 499 1865 connisa
511 1801 706 1863 institutione
719 1801 912 1863 Aristoteies
927 1797 1227 1880 viam'moustravit,

132 1927 227 1991 quam
242 1909 406 1991 legislator
419 1918 552 1971 secutus
563 1928 624 1969 nou
636 1909 730 1971 iaciie
741 1909 855 1989 poterit
868 1929 975 1972 errare
991 1912 1021 1971 in
1036 1911 1227 1975 describen-

132 2015 181 2078 dis
203 2003 404 2100 ὀλιγαρχίαις
425 2025 457 2077 et
476 2008 720 2098 δημοκρατίαις.
749 2017 856 2091 Quare
880 2017 964 2080 hanc
985 2018 1229 2100 disputationem

134 2126 175 2188 ad
198 2123 292 2187 duem
318 2103 394 2185 esse
414 2120 598 2203 perdoctam
628 2123 850 2200 indicaremus,
870 2127 931 2187 nisi
952 2127 982 2187 in
1005 2127 1061 2192 iV.
1089 2127 1137 2190 15.
1159 2128 1178 2191 i.
1200 2146 1230 2193 e.

129 2235 163 2297 iu
189 2232 283 2294 huius
317 2230 539 2311 disputationis
566 2230 698 2292 exordio
728 2233 946 2314 significasset
981 2236 1159 2298 accuratius
1190 2254 1230 2297 se

131 2338 287 2402 dictorum
309 2336 349 2399 de
370 2325 496 2421 ἀρχαῖς.
545 2338 655 2400 Verba
676 2336 758 2401 haec
778 2348 869 2402 sunt:
892 2334 933 2403 Oi
954 2336 1013 2420 μὲν
1035 2328 1091 2403 οὖν
1112 2329 1231 2426 τρόποι

128 2441 194 2508 τῶν
213 2439 294 2529 περί
313 2432 375 2518 τοῖς
395 2431 499 2529 ὀρχᾶς
517 2439 665 2507 τοσοῦτοι
696 2433 753 2508 τόν
780 2435 928 2531 ἀριθμόν
952 2442 1017 2512 εἰσι
1039 2495 1048 2525 ,
1068 2445 1123 2512 καί
1152 2437 1230 2536 dryi-

129 2573 243 2640 ρηνται
258 2541 341 2614 κατό
357 2540 417 2625 τός
438 2547 608 2625 πολιτείας
628 2541 733 2626 οὕτως
747 2571 755 2588 ·
771 2549 844 2617 τίνα
854 2550 898 2621 ‚dd
909 2551 976 2619 τίσι
997 2552 1160 2642 συμφέρει
1174 2552 1231 2620 καί

129 2656 202 2734 πῶς
222 2655 278 2721 δεῖ
295 2653 448 2741 γίνεσθαι
469 2649 531 2734 τοὶς
546 2649 762 2735 καταστάσεις
783 2650 865 2742 ἅμα
895 2663 991 2737 ταῖς
1021 2660 1043 2725 d
1049 2653 1229 2746 ννόμεσι

128 2765 210 2830 τῶν
229 2755 367 2851 ἀρχῶν
386 2761 453 2827 καί
472 2760 588 2841 τίνες
609 2760 737 2846 είσίν,
760 2759 880 2832 ἔσται
901 2759 1099 2856 φανερόν,
1133 2772 1229 2852 Quod

131 2874 215 2938 idem
234 2876 385 2940 indicavit
406 2876 514 2938 vorbis
534 2876 595 2941 iam
618 2896 715 2960 supra
734 2880 841 2942 citatis
862 2868 932 2961 ἅμα
952 2869 1069 2957 (ἄλλα)
1088 2900 1126 2944 aa
1148 2876 1228 2967 περί

132 2973 261 3045 ἐκείνων
289 2979 370 3056 (τῶν
390 2979 582 3059 πολιτειῶν)
611 2976 830 3051 circinando
852 3036 861 3066 ,
888 2979 927 3050 od
954 2989 1064 3073 χεῖρον
1091 2983 1230 3051 ἐπισκέ-

133 3093 279 3180 ψασθαι,
322 3093 359 3157 id
380 3095 483 3176 ipsum
506 3103 612 3156 autern
643 3104 785 3175 praestat
806 3099 924 3160 ,nitimo
947 3097 1013 3158 iibri
1036 3097 1092 3159 Vi.
1113 3097 1229 3179 capite.

133 3201 206 3281 Qun
227 3202 267 3265 dc
287 3202 422 3286 singuiis
443 3202 683 3286 magistratibus
705 3214 857 3267 accurate
876 3213 910 3267 et
929 3201 1078 3268 distincto
1098 3204 1230 3285 exponit

134 3311 338 3393 quaeritque,
370 3321 449 3394 quot
470 3315 537 3376 siut
557 3321 591 3375 et
611 3311 741 3394 quales,
772 3321 805 3374 et
826 3313 931 3395 quiin
950 3331 1049 3376 unum
1070 3312 1230 3376 homiuem

133 3417 272 3484 conferri
293 3421 422 3499 possint.

629 3573 658 3642 ς.
682 3568 731 3630 66.

501 3682 541 3733 iia
557 3682 619 3734 ituri
636 3685 683 3736 Vi.
701 3681 862 3748 integritate.

215 3780 319 3860 Quum
343 3779 383 3844 do
404 3778 474 3843 iibri
497 3781 558 3846 Vi.
577 3784 762 3864 integritate
784 3782 826 3844 sit
848 3781 1027 3865 dicendum,
1038 3780 1081 3845 de
1101 3781 1229 3850 duabus

131 3889 331 3969 potissimum
344 3884 557 3969 quaerendum
577 3896 630 3949 est
642 3887 776 3952 iacunis.
798 3888 939 3966 Quarum
956 3888 1080 3970 quidem
1096 3891 1227 3959 aiteram

132 3998 332 4082 antecedere,
353 4001 484 4063 aiteram
505 4000 656 4083 subsequi
678 4012 773 4082 caput
794 3999 884 4064 vili.
907 3999 1081 4067 doctissimi
1095 4004 1154 4069 viri
1174 4009 1228 4072 ei·

131 4105 228 4170 ficere
249 4109 352 4170 conati
374 4105 459 4171 sunt.
503 4110 588 4172 Auta
611 4118 708 4191 caput
728 4107 820 4171 viii.
843 4106 1016 4171 desiderari
1038 4112 1144 4189 muita,
1158 4120 1227 4198 pri-

134 4233 204 4278 mus
239 4215 401 4279 contendit
425 4213 626 4300 Conriugius.
683 4216 745 4279 Cui
768 4227 980 4280 assenserunt
1002 4218 1226 4304 Schneiderus,

132 4321 353 4400 Sciriosserus,
375 4320 508 4392 Corais.
533 4322 759 4389 Examinemus
780 4334 977 4410 argumenta.
