2730 4816
598 418 828 483 ..ιτς-

240 606 280 666 ll.
309 601 396 679 (καί)
414 601 501 676 τίνες
522 591 664 686 ἑκάστης
681 594 853 673 πολιτείας
874 594 1017 684 φθοραί,
1038 595 1094 661 καί
1115 592 1153 662 ἐτι
1173 594 1282 661 ποίοιν

174 700 225 783 εἰς
245 704 344 783 ποίας
363 697 507 789 μάλιστα
526 702 755 789 μεθίστανται,

233 820 287 884 lll.
310 810 377 892 (ἔτι
397 814 451 893 δὲ)
472 811 631 900 σωτηρίαι
651 812 737 889 τίνες
757 812 812 877 καί
833 813 922 900 κοινῇ
942 811 996 878 καί
1017 811 1117 900 χωρίς
1138 800 1282 899 ἑκάστης

178 917 270 1002 εἰσίν,

233 1036 291 1097 tv.
313 1024 379 1110 (ἔτι
394 1030 449 1111 δὲ)
471 1022 527 1095 δια
548 1028 643 1096 τίνων
662 1024 702 1095 dv
717 1021 860 1113 μάλιστα
871 1020 1009 1108 σοίζοιτο
1021 1026 1086 1092 τῶν
1103 1024 1281 1092 πολιτειῶν

175 1129 311 1226 ἑκάστη.

260 1254 431 1315 Exorditur
452 1263 558 1316 cutem
582 1263 681 1315 totam
700 1253 943 1334 disputationum
962 1255 1017 1329 itu,
1032 1263 1067 1314 ut
1087 1251 1280 1315 seditionum

175 1364 313 1423 omnium
336 1370 367 1421 et
392 1362 671 1422 commutationum
695 1369 793 1441 caput
814 1378 854 1422 ac
875 1357 996 1420 iontem
1019 1359 1197 1441 investiget
1219 1358 1276 1418 ic.

88 1523 93 1531 .
177 1471 294 1532 iustum
322 1488 384 1559 uon
411 1470 597 1550 simpliciter
625 1463 766 1543 (δίκαιον
798 1455 1001 1553 ὀλιγαρχικοι
1022 1478 1055 1529 et
1075 1462 1279 1550 δημοκρατι·

174 1565 246 1651 adn)
267 1577 352 1650 (Pol.
378 1576 418 1637 l'.
441 1576 493 1648 l.).
1104 1654 1107 1658 .

257 1686 281 1745 l.
303 1684 409 1761 Quum
422 1685 554 1763 primum
572 1682 737 1746 dicendum
759 1685 812 1766 sit,
825 1685 939 1766 quibus
955 1682 994 1745 de
1017 1683 1128 1746 cousin
1149 1702 1277 1769 rernm·

172 1794 371 1875 publicarum
394 1792 515 1854 iormue
535 1774 768 1854 commutentur
798 1803 831 1854 ct
860 1802 936 1873 quot
956 1794 1021 1853 sint
1042 1802 1075 1853 ct
1096 1791 1224 1870 quales,
1246 1792 1276 1852 in

174 1903 359 1963 universum
382 1900 535 1980 principia
557 1898 679 1980 colligit
709 1910 742 1960 ct
770 1901 859 1981 quusi
881 1900 1051 1980 primordio
1073 1885 1278 1982 (οίρχιίς,,αί-

173 1999 264 2080 τίσις)
301 2007 442 2068 civilium
476 2006 756 2070 commutationum
793 2016 826 2069 et
861 2005 1125 2069 vicissitudinum.
1195 2007 1280 2070 Sunt

176 2122 282 2179 uutcm
303 2113 378 2177 triac

254 2242 283 2284 a.
307 2220 475 2299 Quomodo
491 2228 534 2283 se'
545 2220 683 2284 habeant
700 2221 730 2283 ci
750 2215 840 2294 (πῶς
855 2209 1010 2302 ἔχοντες),
1019 2223 1072 2303 qui
1084 2221 1277 2289 seditionem

173 2327 348 2393 moveant?

255 2439 285 2502 b.
308 2440 413 2518 Quum
435 2440 476 2503 ob
498 2459 630 2506 causum
651 2433 761 2516 (τίνων
781 2431 928 2510 &vermi

184 2604 188 2615 .
253 2546 484 2624 conueniat
509 2545 661 2628 principie
693 2532 822 2629 (ἀρχαί)
851 2542 1043 2606 seditionum
1070 2550 1104 2604 ct
1133 2542 1279 2606 civilium

173 2651 472 2736 perturbationum?
1079 2726 1083 2735 ,
1213 2728 1215 2732 ³

203 2796 208 2803 ·
258 2777 321 2856 Qui
344 2777 533 2841 seditionem
556 2787 706 2840 moveant
730 2787 762 2839 ot
783 2775 909 2858 quales,
931 2775 993 2837 iam
1015 2794 1084 2857 cup.
1107 2777 1130 2835 1.
1154 2773 1278 2838 dictum

171 2895 231 2952 est.
279 2884 453 2948 Moliuntur
476 2886 558 2948 euim
579 2886 766 2948 seditionem
790 2885 855 2965 alii,
877 2895 911 2946 ut
932 2886 1049 2947 ceteris
1069 2885 1195 2947 civibus
1217 2904 1280 2947 ae-

173 3002 291 3077 quent,
323 2992 378 3054 alii
401 3003 436 3057 ut
455 2995 605 3076 praesint.
625 3028 668 3041 -
708 2994 811 3057 Cives
835 3004 943 3056 autem
963 2994 1043 3055 inter
1063 3012 1101 3055 se
1121 2992 1282 3057 dissident

170 3111 227 3166 aut
254 3102 332 3165 lueri
364 3097 530 3186 (κέρδους)
562 3112 617 3165 aut
642 3103 769 3166 honoris
794 3099 922 3187 (τιμῆς)
953 3107 1009 3165 τιτι
1034 3121 1144 3165 eorum
1173 3121 1281 3166 causa

172 3227 252 3290 quae
275 3210 323 3272 eis
343 3218 417 3272 aunt
440 3209 784 3274 contrariu-Rerum
807 3219 913 3272 autem
931 3211 1177 3273 conversionum
1197 3230 1280 3291 per-

173 3314 447 3396 turbationumque
480 3317 633 3398 principia
662 3328 695 3378 ct
724 3315 895 3399 primordia
923 3327 1126 3378 numerentur
1147 3327 1281 3398 septem

173 3429 231 3483 aut
250 3424 348 3503 plura.
371 3423 442 3486 Duo
463 3424 525 3486 iam
548 3434 797 3488 commemoratu
816 3432 905 3506 sunt,
919 3422 1001 3487 unde
1021 3423 1142 3487 invidia
1161 3426 1280 3506 oritur,

171 3524 254 3592 bona
276 3537 310 3591 et
329 3529 487 3608 honoros3
505 3530 617 3592 deiude
638 3530 817 3594 afferuntur
835 3519 940 3614 ὕβρις,
961 3517 1092 3615 φόβος,
1113 3519 1281 3617 ὑπεροχή,

168 3623 567 3721 καταφρόνησις,αίίξησις
579 3627 599 3721 ἡ
609 3627 703 3721 παρα
717 3627 756 3702 ud
772 3627 1282 3727 οίναίόγον,ἑριθεία,ιίλιγοτρία,

167 3731 336 3829 μικρότης.
356 3744 407 3806 De
422 3744 534 3827 quihus
556 3747 695 3826 singulis
715 3766 812 3830 quum
837 3748 969 3815 uberius
988 3748 1183 3830 disputatur,
1206 3757 1280 3814 turn

167 3854 371 3935 proteruntur
393 3853 541 3934 exemplu
560 3853 644 3927 (Pol.
668 3856 709 3917 V.
731 3857 763 3921 2.
784 3855 816 3918 ³.
838 3859 895 3931 4.).

252 3976 294 4037 11.
317 3976 491 4057 Deinceps,
506 3988 539 4039 ut
560 3987 628 4041 erat
650 3981 858 4062 propositum,
871 3984 1089 4065 quaerendum
1110 3995 1174 4064 est,
1187 3986 1281 4048 civi-

169 4087 280 4149 tatium
296 4106 418 4167 genera
439 4088 554 4169 quibus
578 4089 675 4151 rebus
693 4091 907 4173 depraventur
924 4106 956 4156 et
978 4112 1058 4176 quos
1071 4093 1279 4176 potissimum

167 4197 200 4260 in
227 4198 525 4275 rerumpublicarum
557 4198 670 4263 modos
699 4199 845 4282 quodque
872 4211 1085 4264 convertatur.
1129 4202 1278 4266 Primum

164 4303 265 4389 igitur
293 4300 509 4388 δημοκρατίαι
541 4309 725 4389 plerumque
754 4309 977 4389 perturbantur
997 4329 1053 4390 per
1075 4329 1144 4389 eos,
1165 4312 1281 4392 quiin
