2730 4816
553 426 782 491 -tut-

528 607 707 662 CAPUT
733 607 796 664 1⁷1.

292 754 343 816 ne
363 752 495 832 reliquis
516 753 694 814 civitatibus
712 741 840 829 praeter
861 740 1019 832 optimum.

113 894 427 985 θεωρηθέντων
455 886 527 987 yolq
554 886 709 963 τούτων
740 887 827 980 τάχ’
854 889 900 966 cliv
919 897 1078 983 μᾶλλον
1099 899 1210 967 ouvi-

113 1005 261 1090 δοιμεν
281 1005 367 1087 πῶς
382 996 534 1093 ἑκάστη
555 1003 788 1087 (πολιτεία)
809 1014 1026 1090 ταχθεῖσα
1043 1008 1210 1087 salsior

256 1103 412 1199 νόμοις
431 1113 504 1180 καὶ
527 1109 648 1181 ἔθεσι
669 1114 867 1207 χρωμένη.
887 1125 931 1198 (c.
953 1129 982 1199 5.
1006 1124 1079 1201 12).

611 1276 641 1343 S.
663 1273 712 1333 57.

280 1416 322 1468 De
340 1416 469 1469 librorum
488 1418 535 1469 tv,
553 1419 589 1470 V.
606 1421 654 1472 vt.
673 1423 809 1486 prooemio
827 1429 856 1476 et
874 1422 1054 1488 dispositione.

199 1561 293 1626 Utin
315 1564 431 1629 Politia
454 1565 559 1645 Plato,
583 1571 629 1630 ita
650 1568 842 1633 Aristoteles
863 1568 903 1632 de
915 1572 1033 1651 uptirua
1052 1570 1213 1653 republica

114 1668 267 1734 disseruit
280 1671 481 1736 Politioorum
499 1675 586 1737 libris
599 1676 655 1738 iii.
668 1676 741 1740 Vii.
762 1679 851 1743 Viii.
874 1679 948 1759 Qua
959 1679 1069 1743 eadern
1085 1678 1212 1761 quidern

44 1776 48 1782 '
118 1775 158 1837 de
187 1795 222 1838 re
250 1776 492 1859 disputationem
523 1782 693 1864 ingressus
720 1803 811 1847 suam
841 1795 974 1868 uterquc
999 1794 1132 1850 secutus
1162 1793 1214 1849 eet

115 1886 278 1951 rationem.
321 1889 414 1951 Plato
428 1890 511 1954 euim
527 1911 597 1954 eam
612 1893 770 1969 civitatem
783 1894 874 1958 iiuxit
888 1895 1050 1976 optimam,
1072 1911 1166 1975 quam
1183 1893 1214 1957 iu

115 2001 213 2061 vitam
227 1999 385 2089 hominurn
398 2019 534 2082 unquam
549 2019 646 2084 posse
660 2001 763 2065 induci
774 2003 844 2083 ipse
856 2012 997 2085 negaret
1020 1981 1227 2067 Aristoteles

115 2106 340 2189 rempublicam
365 2110 514 2190 optimam
545 2111 589 2172 ita
605 2108 801 2191 ¹descripsit,
822 2120 857 2172 ut
878 2108 949 2171 κατ’
971 2097 1066 2194 εὐχήν
1087 2112 1214 2192 quidenr

115 2199 1213 2297 omnia,nequetumen&dirutosquidquamcontinereti’latoautem

117 2339 212 2406 quum
228 2320 273 2385 ita
295 2319 334 2381 de
351 2321 466 2383 Politia
480 2323 624 2402 sentiret,
644 2321 675 2383 io
695 2321 819 2404 Legum
843 2322 931 2385 libris
952 2339 1021 2383 earu
1037 2341 1213 2403 proponere

115 2432 278 2497 coustituit
298 2432 439 2496 civitatis
466 2430 615 2508 sormam,
638 2448 721 2512 quae
748 2448 841 2512 quum
870 2428 1032 2491 advitam
1055 2430 1213 2493 homiuum

118 2547 207 2602 esset
227 2552 293 2603 tum
322 2538 363 2603 ad
390 2539 529 2621 reliques
557 2537 838 2618 civitates-magis
861 2534 1113 2598 accommodata.
1156 2535 1214 2599 Si-

117 2649 182 2711 mili
203 2648 324 2711 ratiuue
345 2645 538 2708 Aristoteles
552 2644 584 2707 iu
606 2642 693 2706 libris
713 2643 771 2706 iV·
789 2642 830 2704 V.
852 2643 910 2706 Vi.
932 2643 1096 2706 civitatem
1111 2660 1215 2725 quae-
1237 2649 1241 2662 '

116 2757 156 2817 rit
187 2756 436 2818 commuuiurem
466 2763 499 2817 et
530 2740 712 2818 faciliorem,
756 2753 824 2817 Sed
853 2770 874 2816 a
901 2753 1044 2816 Platonis
1065 2752 1152 2815 libris
1174 2750 1215 2817 da

118 2859 264 2941 Legibus
286 2880 324 2922 eo
347 2862 542 2941 potissimum
564 2862 610 2924 iiii
632 2861 791 2940 differunt,
814 2859 898 2941 quud
920 2879 983 2923 nou
1005 2859 1046 2923 de
1067 2877 1214 2944 cummu-

121 2969 208 3028 niore
242 2965 344 3028 solum
379 2968 511 3029 civitate
549 2967 608 3031 sed
638 2977 762 3048 praeter
799 2967 950 3048 optimum
986 2965 1026 3028 de
1070 2966 1216 3028 omuibus
1281 2982 1287 2997 ·
1338 2999 1342 3009 ·

121 3076 315 3158 reipublicae
346 3069 519 3159 generibus
545 3078 720 3158 correeripti
739 3082 823 3138 sunt.
866 3072 935 3137 Sed
957 3073 1018 3137 iam
1047 3071 1215 3159 audiamur

117 3185 323 3250 Aristotelem
348 3185 461 3266 ipsum.

201 3318 250 3378 ile
267 3317 410 3379 omuibus
433 3312 542 3398 igitur,
563 3331 644 3393 quae
665 3328 771 3396 genus
791 3321 891 3375 totum
906 3329 969 3375 nou
983 3319 1104 3392 partam
1118 3329 1212 3376 corn-

118 3426 306 3506 pieotuntur,
337 3422 457 3483 artibus
486 3433 519 3483 et
540 3419 691 3482 doctrinis
712 3419 741 3480 si
762 3419 960 3504 quaerimus,
999 3422 1094 3482 unius
1121 3421 1209 3484 eius·

119 3531 256 3614 demque
277 3530 353 3591 artis
375 3537 426 3591 est
447 3529 617 3610 dispicere,
638 3535 672 3588 et
693 3526 943 3610 quidsitaptum
958 3528 1072 3611 cuique
1093 3528 1216 3615 generi,

118 3638 245 3722 etquid
267 3639 471 3701 cummuniter
492 3638 663 3719 plerisque.
684 3637 797 3700 Veluti
812 3637 983 3701 exercendi
1003 3638 1147 3720 magistri
1168 3645 1220 3713 est

118 3775 286 3838 quaerere,
309 3761 341 3814 et
363 3771 445 3833 quae
466 3751 603 3834 singuiis
632 3751 818 3832 corporibus
840 3750 1027 3813 exercitatio
1049 3750 1219 3811 conveniat

116 3870 166 3935 (et
185 3882 279 3946 quum
293 3882 333 3925 eu
355 3879 439 3944 qnae
466 3866 584 3945 optimo
605 3864 727 3946 corpori
739 3863 909 3925 couveniat
924 3862 1115 3923 exercitatio
1134 3859 1219 3940 opti-

119 3991 170 4033 ruu
190 3973 252 4052 sit,
287 3990 441 4057 quaenam
474 3973 633 4054 optime),
656 3983 689 4035 et
710 3988 793 4056 quae
816 3972 985 4052 plerisque.
1028 3968 1088 4029 list
1111 3976 1218 4029 autem

118 4079 261 4145 eiusdem
290 4085 446 4165 magistri,
467 4102 563 4165 quam
594 4083 664 4165 quis
693 4082 904 4161 uibicunque
933 4096 1118 4159 comparare
1141 4078 1219 4141 velit

117 4189 261 4269 corporis
292 4189 478 4255 facultatem
502 4199 536 4253 et
559 4190 753 4254 habilitatem
785 4186 927 4269 edicere,
963 4190 1110 4269 quamvis
1134 4186 1218 4250 idem

118 4317 175 4380 pru
196 4300 339 4379 eorporis
366 4309 478 4364 natura
507 4299 658 4382 consequi
687 4296 850 4362 meliorem
872 4299 975 4380 possit
995 4308 1029 4362 et
1049 4304 1220 4379 praestan·
