2730 4816
148 610 284 682 optimo,
317 607 356 667 de
377 606 466 668 denir
488 609 632 669 externis
663 622 703 667 ao
732 604 774 668 de
800 603 918 668 oiviam
934 603 1138 666 'educatione
1167 602 1256 667 tsnria

148 710 224 774 vn.
246 721 279 775 et
299 712 390 774 vm.

230 846 269 906 n.
292 846 436 909 Primum
457 854 679 927 argumentum
723 867 765 909 ex
788 867 821 909 re
843 850 914 928 ipsa
935 845 1136 926 sumpsimus.
1180 843 1252 906 Ao-

96 984 100 993 ·
141 952 257 1016 cedunt
277 963 383 1016 antem
406 955 589 1015 Ethieornm
605 955 705 1017 verba
727 955 777 1016 itta
791 953 916 1034 quidem
932 952 1130 1014 firmissima:
1152 951 1250 1012 θεω-

145 1054 315 1146 ρηθέντιον
334 1048 397 1146 γαρ
417 1047 539 1122 τοίπων
560 1048 633 1138 τίχ’
655 1052 694 1122 ἂν
713 1059 837 1143 μᾶλλον
856 1038 1043 1139 σοι’ίδοιμεν
1063 1054 1119 1121 καί
1141 1052 1253 1119 ποία

83 1238 91 1268 ι
142 1160 345 1228 πολιτεία
375 1154 532 1251 ἀρίστη,
554 1162 608 1229 καί
640 1163 713 1240 πῶς
743 1155 899 1248 ἕκιίστη
919 1165 1089 1245 ταχθεῖσα
1107 1159 1164 1226 καλ
1182 1158 1254 1227 τίσι

142 1260 255 1354 νόμοις
276 1267 328 1335 καλ
353 1264 448 1335 ἔθεσι
472 1270 632 1360 χριομένη.
674 1276 727 1337 Ex
754 1276 868 1357 quibus
900 1279 960 1337 iarn
989 1293 1089 1356 snpra
1114 1278 1160 1347 (9.
1185 1270 1252 1348 16.)

143 1382 333 1461 effecimus,
373 1383 602 1466 disputaturum
634 1385 839 1447 Aristotelem
870 1381 911 1441 de
943 1384 1060 1462 optima
1088 1381 1252 1462 repetition

60 1537 63 1541 ,
145 1490 252 1571 prins,
285 1510 378 1575 quam
408 1491 447 1552 do
479 1494 615 1575 reiiqnis.
658 1493 707 1553 De
730 1492 847 1572 optima
871 1492 1130 1554 ontem'civitate
1151 1508 1250 1572 quum

143 1612 182 1658 se
197 1594 355 1658 dicturum
378 1598 534 1678 poitiettue
550 1599 603 1677 sit,
628 1596 745 1659 dooere
766 1596 926 1659 debeteas
949 1614 1002 1659 res
1024 1615 1147 1675 omnes,
1170 1612 1253 1680 quas

150 1701 191 1764 ab
212 1703 282 1765 otiis
303 1708 356 1786 qni
379 1704 419 1765 de
449 1707 568 1785 optima
592 1704 753 1786 republica
773 1705 970 1786 seripserunt
993 1714 1148 1768 tractatas
1171 1723 1251 1768 esse

141 1812 274 1892 suimus,
296 1811 510 1891 vetutiqleges
524 1814 729 1894 institutaque
757 1814 884 1895 optima,
909 1814 1142 1894 educationem,
1160 1813 1252 1884 alim.

144 1916 237 1994 Quas
271 1916 397 1999 quidem
428 1937 539 1981 omnes
567 1922 733 2001 expositas
763 1938 838 1981 esse
873 1920 1021 1984 videmus
1060 1920 1147 1986 libris
1178 1920 1254 1985 Vn.

143 2032 178 2086 et
199 2025 289 2090 Vnt.

229 2159 296 2224 Sed
318 2159 404 2221 dieat
426 2161 584 2246 quispiam
617 2162 754 2247 optimae
776 2162 968 2252 reipublicae
986 2171 1103 2226 statum
1123 2161 1253 2247 quidem

141 2270 365 2354 philosophum
389 2281 463 2334 ante
483 2271 713 2356 descripturum
727 2292 820 2354 quam
834 2273 984 2336 civitates
1006 2271 1159 2354 reliquas,
1182 2271 1254 2334 eins

143 2379 235 2465 leges
258 2390 312 2442 aut
334 2382 474 2443 instituta
498 2401 559 2443 non
582 2383 665 2444 item.
711 2383 754 2443 Ar
772 2381 805 2444 id
827 2383 854 2444 si
876 2401 988 2443 verum
1007 2390 1069 2463 est,
1094 2400 1191 2464 quum
1208 2381 1252 2447 de

146 2490 288 2551 moribus
322 2471 664 2572 consuetudinibusque
695 2496 798 2552 omnio
832 2491 1022 2572 reipublicae
1057 2476 1257 2574 (ἑκάστης

143 2592 328 2671 πολιτείας)
342 2607 470 2676 praeter
498 2619 567 2660 eom
596 2616 690 2680 quam
713 2609 788 2662 rote
812 2600 984 2661 nominavit
1007 2603 1155 2676 optimam
1177 2599 1255 2663 dio-

145 2724 254 2769 serere
267 2709 358 2786 vetit,
381 2707 516 2769 eundem
537 2710 644 2771 locum
658 2712 689 2771 iu
710 2708 896 2788 quaestione
916 2705 957 2768 de
980 2706 1097 2788 optima
1120 2704 1256 2770 civitate

146 2814 271 2877 omniuo
301 2803 540 2897 praetermittet.
583 2815 684 2899 Quod
699 2827 805 2879 tamen
827 2833 923 2879 seens
944 2833 1020 2877 esso
1042 2814 1201 2876 novimus.

132 2949 140 2961 “
230 2954 286 3014 ΙΙΙ.
309 2952 431 3017 Eodem
461 2962 567 3017 antem
597 2953 628 3015 iu
650 2953 781 3015 oonsilio
808 2953 893 3034 quod
920 2953 1044 3033 speruit
1066 2953 1096 3013 iu
1126 2951 1256 3015 Ethieis

148 3072 313 3143 permanet
335 3048 484 3127 etiam'io
508 3060 658 3125 Politieis.
702 3061 910 3123 Pertraetatis
927 3060 1010 3121 enim
1027 3059 1255 3134 oeconomum,

145 3177 190 3238 ita
211 3170 320 3233 librum
343 3172 384 3235 11t
404 3168 579 3250 exorditur,
602 3169 694 3252 qnasi
716 3169 960 3250 disputationem
991 3166 1032 3230 de
1055 3168 1173 3248 optima
1195 3187 1258 3231 re-

145 3278 269 3359 publiue
292 3281 353 3343 tam
376 3278 455 3341 libro
476 3278 520 3340 sit
540 3279 685 3358 sequenti
701 3295 925 3360 aggressurus.
967 3263 1077 3338 Ἐπεὶ
1092 3272 1113 3336 d
1120 3271 1136 3338 ὲ
1151 3295 1258 3360 προ-

143 3371 382 3467 αιρούμεθα
402 3381 623 3468 θεωρῆσαι
643 3382 742 3470 περὶ
762 3381 833 3470 τῆς
852 3380 1069 3458 κοινωνίας
1088 3381 1162 3468 τῆς
1180 3403 1258 3448 πο-

147 3483 364 3577 λιτικῆς,ἢ
394 3497 596 3579 κρατίστη
619 3492 760 3558 πασῶν
791 3494 882 3567 τοῖς
904 3486 1154 3572 δυναμένοις
1183 3487 1258 3577 ζῆν

143 3589 209 3665 ὅτι
229 3588 411 3681 μάλιστα
432 3607 515 3665 κατ’
538 3591 674 3686 εὐχήν,
706 3600 834 3665 δεῖκαὶ
854 3589 915 3679 ode
937 3595 1040 3677 ἄλλος
1059 3597 1252 3691 ἐπισκέψα-

144 3711 230 3771 σθαι
245 3703 415 3782 πολιτείας
427 3753 656 3776 ........
676 3702 784 3774 ἔτιδὲ
805 3701 843 3773 τδ
865 3707 976 3796 ζητεῖν
997 3733 1031 3773 τι
1052 3715 1130 3797 παρ’
1152 3701 1259 3786 αὐτοῖς

143 3809 257 3901 ἕτερον
275 3807 322 3901 μη
340 3813 421 3903 δοκῇ
441 3804 571 3892 παντως
592 3805 675 3881 εἶναι
698 3814 902 3903 σοφίζεσθαι
928 3817 1145 3901 βουλομένων,
1159 3809 1255 3901 dito}

144 3913 203 3986 διαὶ
230 3915 269 3987 τό
292 3916 339 4010 μή
372 3922 478 4000 καλῶς
507 3916 593 4007 ἔχειν
623 3912 743 4002 ταύτας
770 3918 830 4002 τοὶς
862 3926 916 3991 νῦν
946 3917 1168 4013 ὑπαρχούσας,
1190 3920 1248 3994 διδ

142 4027 241 4094 τοῦτο
270 4023 429 4119 ταύτην
456 4032 602 4116 δοκῶμεν
632 4031 921 4116 ἐπιβαλέσθαι
944 4015 1027 4120 ’τήν
1059 4032 1254 4118 μέθοδον

141 4137 322 4226 (semaei
343 4138 417 4225 τῆς
439 4141 655 4219 κοινωνίας
675 4142 751 4229 τῆς
768 4135 988 4228 πολιτικῆς
1008 4134 1257 4231 &apert-erp

138 4269 171 4310 ar.
192 4269 221 4312 τ.
242 4245 297 4327 λ).
322 4252 513 4327 Aristotetee
533 4260 630 4338 igitur
652 4259 818 4323 oorrsitrna
840 4258 916 4323 itiud
929 4255 1020 4355 ⁴qnod
1044 4268 1173 4340 oeperat
1192 4269 1250 4359 qut
