<?xml version="1.0" encoding="UTF-8"?>
<!DOCTYPE html PUBLIC "-//W3C//DTD XHTML 1.0 Transitional//EN"
    "http://www.w3.org/TR/xhtml1/DTD/xhtml1-transitional.dtd">
<html xmlns="http://www.w3.org/1999/xhtml" xml:lang="en" lang="en">
 <head>
  <title>
</title>
<meta http-equiv="Content-Type" content="text/html;charset=utf-8" />
  <meta name='ocr-system' content='tesseract 3.04.00' />
  <meta name='ocr-capabilities' content='ocr_page ocr_carea ocr_par ocr_line ocrx_word'/>
</head>
<body>
  <div class='ocr_page' id='page_1' title='image "./dearistotelispo00nickgoog_0103.png"; bbox 0 0 2730 4816; ppageno 0'>
   <div class='ocr_carea' id='block_1_1' title="bbox 122 608 1224 3290">
    <p class='ocr_par' dir='ltr' id='par_1_1' title="bbox 122 608 1220 1018">
     <span class='ocr_line' id='line_1_1' title="bbox 124 608 1219 703; baseline -0.003 -28"><span class='ocrx_word' id='word_1_1' title='bbox 124 614 268 676; x_wconf 84' lang='lat' dir='ltr'>militaria</span> <span class='ocrx_word' id='word_1_2' title='bbox 289 613 321 675; x_wconf 96' lang='lat' dir='ltr'>iu</span> <span class='ocrx_word' id='word_1_3' title='bbox 343 610 541 694; x_wconf 81' lang='lat' dir='ltr'>educatione,</span> <span class='ocrx_word' id='word_1_4' title='bbox 563 631 604 675; x_wconf 88' lang='lat' dir='ltr'>an</span> <span class='ocrx_word' id='word_1_5' title='bbox 627 614 714 675; x_wconf 84' lang='lat' dir='ltr'>vitae</span> <span class='ocrx_word' id='word_1_6' title='bbox 737 612 876 693; x_wconf 85' lang='lat' dir='ltr'>optimae</span> <span class='ocrx_word' id='word_1_7' title='bbox 897 615 977 674; x_wconf 89' lang='lat' dir='ltr'>ratic</span> <span class='ocrx_word' id='word_1_8' title='bbox 997 609 1143 673; x_wconf 82' lang='lat' dir='ltr'>habenda</span> <span class='ocrx_word' id='word_1_9' title='bbox 1165 608 1219 703; x_wconf 84' lang='lat' dir='ltr'>sit,</span> 
     </span>
     <span class='ocr_line' id='line_1_2' title="bbox 125 718 1220 802; baseline -0.002 -20"><span class='ocrx_word' id='word_1_10' title='bbox 125 722 271 802; x_wconf 84' lang='lat' dir='ltr'>magisne</span> <span class='ocrx_word' id='word_1_11' title='bbox 292 721 406 783; x_wconf 88' lang='lat' dir='ltr'>meotis</span> <span class='ocrx_word' id='word_1_12' title='bbox 418 765 429 802; x_wconf 92' lang='lat'>,</span> <span class='ocrx_word' id='word_1_13' title='bbox 452 739 492 782; x_wconf 86' lang='lat' dir='ltr'>an</span> <span class='ocrx_word' id='word_1_14' title='bbox 514 721 583 783; x_wconf 84' lang='lat' dir='ltr'>eius</span> <span class='ocrx_word' id='word_1_15' title='bbox 606 721 700 783; x_wconf 84' lang='lat' dir='ltr'>animi</span> <span class='ocrx_word' id='word_1_16' title='bbox 720 721 820 801; x_wconf 90' lang='lat' dir='ltr'>partis</span> <span class='ocrx_word' id='word_1_17' title='bbox 850 724 883 782; x_wconf 86' lang='lat' dir='ltr'>in</span> <span class='ocrx_word' id='word_1_18' title='bbox 905 738 965 802; x_wconf 90' lang='lat' dir='ltr'>qua</span> <span class='ocrx_word' id='word_1_19' title='bbox 988 730 1063 783; x_wconf 90' lang='lat' dir='ltr'>suot</span> <span class='ocrx_word' id='word_1_20' title='bbox 1084 718 1220 781; x_wconf 83' lang='lat' dir='ltr'>uirtutes</span> 
     </span>
     <span class='ocr_line' id='line_1_3' title="bbox 122 826 1220 911; baseline 0 -22"><span class='ocrx_word' id='word_1_21' title='bbox 122 831 267 891; x_wconf 86' lang='lat' dir='ltr'>morales.</span> <span class='ocrx_word' id='word_1_22' title='bbox 309 829 426 911; x_wconf 82' lang='lat' dir='ltr'>Neque</span> <span class='ocrx_word' id='word_1_23' title='bbox 448 848 489 892; x_wconf 84' lang='lat' dir='ltr'>ex</span> <span class='ocrx_word' id='word_1_24' title='bbox 511 848 550 891; x_wconf 92' lang='lat' dir='ltr'>eo</span> <span class='ocrx_word' id='word_1_25' title='bbox 573 828 657 910; x_wconf 91' lang='lat' dir='ltr'>quod</span> <span class='ocrx_word' id='word_1_26' title='bbox 679 829 856 892; x_wconf 87' lang='lat' dir='ltr'>communis</span> <span class='ocrx_word' id='word_1_27' title='bbox 878 837 929 890; x_wconf 93' lang='lat' dir='ltr'>est</span> <span class='ocrx_word' id='word_1_28' title='bbox 953 827 1101 891; x_wconf 76' lang='lat' dir='ltr'>educatio</span> <span class='ocrx_word' id='word_1_29' title='bbox 1124 826 1220 910; x_wconf 88' lang='lat' dir='ltr'>quid-</span> 
     </span>
     <span class='ocr_line' id='line_1_4' title="bbox 122 932 1114 1018; baseline 0 -20"><span class='ocrx_word' id='word_1_30' title='bbox 122 953 215 1018; x_wconf 85' lang='lat' dir='ltr'>quam</span> <span class='ocrx_word' id='word_1_31' title='bbox 238 937 315 998; x_wconf 85' lang='lat' dir='ltr'>certi</span> <span class='ocrx_word' id='word_1_32' title='bbox 338 935 423 999; x_wconf 84' lang='lat' dir='ltr'>effici</span> <span class='ocrx_word' id='word_1_33' title='bbox 443 945 561 1018; x_wconf 87' lang='lat' dir='ltr'>potest.</span> <span class='ocrx_word' id='word_1_34' title='bbox 1110 932 1114 939; x_wconf 79' lang='grc'><strong><em>’</em></strong></span> 
     </span>
    </p>

    <p class='ocr_par' dir='ltr' id='par_1_2' title="bbox 122 1042 1224 2739">
     <span class='ocr_line' id='line_1_5' title="bbox 207 1042 1221 1126; baseline 0.002 -22"><span class='ocrx_word' id='word_1_35' title='bbox 207 1042 344 1106; x_wconf 87' lang='lat' dir='ltr'>Primum</span> <span class='ocrx_word' id='word_1_36' title='bbox 367 1045 462 1126; x_wconf 82' lang='lat' dir='ltr'>igitur</span> <span class='ocrx_word' id='word_1_37' title='bbox 483 1045 609 1108; x_wconf 80' lang='lat' dir='ltr'>utilibus</span> <span class='ocrx_word' id='word_1_38' title='bbox 631 1064 672 1106; x_wconf 85' lang='lat' dir='ltr'>ex</span> <span class='ocrx_word' id='word_1_39' title='bbox 694 1044 842 1126; x_wconf 75' lang='lat' dir='ltr'>operibus</span> <span class='ocrx_word' id='word_1_40' title='bbox 863 1044 942 1107; x_wconf 85' lang='lat' dir='ltr'>disci</span> <span class='ocrx_word' id='word_1_41' title='bbox 965 1062 1005 1105; x_wconf 81' lang='lat' dir='ltr'>ee</span> <span class='ocrx_word' id='word_1_42' title='bbox 1028 1043 1113 1123; x_wconf 83' lang='lat' dir='ltr'>vult,</span> <span class='ocrx_word' id='word_1_43' title='bbox 1137 1058 1221 1124; x_wconf 82' lang='lat' dir='ltr'>quse</span> 
     </span>
     <span class='ocr_line' id='line_1_6' title="bbox 124 1150 1220 1232; baseline 0.001 -20"><span class='ocrx_word' id='word_1_44' title='bbox 124 1152 190 1213; x_wconf 87' lang='lat' dir='ltr'>sint</span> <span class='ocrx_word' id='word_1_45' title='bbox 211 1152 407 1230; x_wconf 71' lang='lat' dir='ltr'>necessaria,</span> <span class='ocrx_word' id='word_1_46' title='bbox 430 1169 491 1213; x_wconf 90' lang='lat' dir='ltr'>nec</span> <span class='ocrx_word' id='word_1_47' title='bbox 512 1160 617 1215; x_wconf 85' lang='lat' dir='ltr'>tamen</span> <span class='ocrx_word' id='word_1_48' title='bbox 639 1168 678 1213; x_wconf 86' lang='lat' dir='ltr'>oa</span> <span class='ocrx_word' id='word_1_49' title='bbox 701 1153 817 1232; x_wconf 84' lang='lat' dir='ltr'>omnia,</span> <span class='ocrx_word' id='word_1_50' title='bbox 840 1167 901 1213; x_wconf 87' lang='lat' dir='ltr'>nee</span> <span class='ocrx_word' id='word_1_51' title='bbox 921 1151 1075 1232; x_wconf 81' lang='lat' dir='ltr'>perfecto,</span> <span class='ocrx_word' id='word_1_52' title='bbox 1095 1151 1153 1213; x_wconf 86' lang='lat' dir='ltr'>sed</span> <span class='ocrx_word' id='word_1_53' title='bbox 1176 1150 1220 1213; x_wconf 84' lang='lat' dir='ltr'>ita</span> 
     </span>
     <span class='ocr_line' id='line_1_7' title="bbox 124 1256 1224 1342; baseline 0.001 -23"><span class='ocrx_word' id='word_1_54' title='bbox 124 1266 160 1319; x_wconf 88' lang='lat' dir='ltr'>ut</span> <span class='ocrx_word' id='word_1_55' title='bbox 181 1277 222 1319; x_wconf 88' lang='lat' dir='ltr'>ne</span> <span class='ocrx_word' id='word_1_56' title='bbox 252 1275 385 1341; x_wconf 83' lang='lat' dir='ltr'>corpora</span> <span class='ocrx_word' id='word_1_57' title='bbox 412 1258 637 1342; x_wconf 72' lang='lat' dir='ltr'>depraventur,</span> <span class='ocrx_word' id='word_1_58' title='bbox 665 1278 748 1323; x_wconf 86' lang='lat' dir='ltr'>nove</span> <span class='ocrx_word' id='word_1_59' title='bbox 777 1259 870 1322; x_wconf 85' lang='lat' dir='ltr'>animi</span> <span class='ocrx_word' id='word_1_60' title='bbox 901 1257 941 1320; x_wconf 82' lang='lat' dir='ltr'>ad</span> <span class='ocrx_word' id='word_1_61' title='bbox 972 1261 1123 1321; x_wconf 86' lang='lat' dir='ltr'>virtutem</span> <span class='ocrx_word' id='word_1_62' title='bbox 1144 1256 1224 1320; x_wconf 79' lang='lat' dir='ltr'>flant</span> 
     </span>
     <span class='ocr_line' id='line_1_8' title="bbox 122 1366 1220 1449; baseline 0.001 -20"><span class='ocrx_word' id='word_1_63' title='bbox 122 1366 286 1430; x_wconf 88' lang='lat' dir='ltr'>inhabiles.</span> <span class='ocrx_word' id='word_1_64' title='bbox 328 1369 446 1449; x_wconf 86' lang='lat' dir='ltr'>Neque</span> <span class='ocrx_word' id='word_1_65' title='bbox 465 1369 545 1430; x_wconf 87' lang='lat' dir='ltr'>enirn</span> <span class='ocrx_word' id='word_1_66' title='bbox 567 1368 698 1430; x_wconf 87' lang='lat' dir='ltr'>liberum</span> <span class='ocrx_word' id='word_1_67' title='bbox 715 1367 872 1430; x_wconf 85' lang='lat' dir='ltr'>hominem</span> <span class='ocrx_word' id='word_1_68' title='bbox 891 1366 1220 1446; x_wconf 63' lang='lat' dir='ltr'>illiberaiibus¹1qoi·</span> 
     </span>
     <span class='ocr_line' id='line_1_9' title="bbox 123 1474 1220 1558; baseline 0.002 -21"><span class='ocrx_word' id='word_1_69' title='bbox 123 1475 255 1538; x_wconf 85' lang='lat' dir='ltr'>busdam</span> <span class='ocrx_word' id='word_1_70' title='bbox 278 1477 399 1539; x_wconf 82' lang='lat' dir='ltr'>artibus</span> <span class='ocrx_word' id='word_1_71' title='bbox 422 1477 518 1540; x_wconf 89' lang='lat' dir='ltr'>imbui</span> <span class='ocrx_word' id='word_1_72' title='bbox 538 1475 687 1558; x_wconf 87' lang='lat' dir='ltr'>dedecet,</span> <span class='ocrx_word' id='word_1_73' title='bbox 708 1474 766 1538; x_wconf 88' lang='lat' dir='ltr'>sed</span> <span class='ocrx_word' id='word_1_74' title='bbox 788 1476 882 1538; x_wconf 90' lang='lat' dir='ltr'>imbui</span> <span class='ocrx_word' id='word_1_75' title='bbox 908 1486 1039 1537; x_wconf 88' lang='lat' dir='ltr'>tantum.</span> <span class='ocrx_word' id='word_1_76' title='bbox 1082 1477 1220 1539; x_wconf 79' lang='lat' dir='ltr'>Multum</span> 
     </span>
     <span class='ocr_line' id='line_1_10' title="bbox 125 1583 1219 1668; baseline 0 -21"><span class='ocrx_word' id='word_1_77' title='bbox 125 1604 205 1647; x_wconf 89' lang='lat' dir='ltr'>vero</span> <span class='ocrx_word' id='word_1_78' title='bbox 226 1585 328 1647; x_wconf 86' lang='lat' dir='ltr'>bisin</span> <span class='ocrx_word' id='word_1_79' title='bbox 350 1583 497 1667; x_wconf 83' lang='lat' dir='ltr'>operibus</span> <span class='ocrx_word' id='word_1_80' title='bbox 517 1586 624 1668; x_wconf 85' lang='lat' dir='ltr'>vaiet,</span> <span class='ocrx_word' id='word_1_81' title='bbox 655 1603 711 1646; x_wconf 92' lang='lat' dir='ltr'>cur</span> <span class='ocrx_word' id='word_1_82' title='bbox 733 1584 805 1660; x_wconf 89' lang='lat' dir='ltr'>quid</span> <span class='ocrx_word' id='word_1_83' title='bbox 827 1584 883 1647; x_wconf 82' lang='lat' dir='ltr'>fiat</span> <span class='ocrx_word' id='word_1_84' title='bbox 909 1595 942 1646; x_wconf 93' lang='lat' dir='ltr'>et</span> <span class='ocrx_word' id='word_1_85' title='bbox 962 1601 1026 1666; x_wconf 87' lang='lat' dir='ltr'>qua</span> <span class='ocrx_word' id='word_1_86' title='bbox 1048 1583 1088 1645; x_wconf 91' lang='lat' dir='ltr'>de</span> <span class='ocrx_word' id='word_1_87' title='bbox 1110 1602 1219 1647; x_wconf 86' lang='lat' dir='ltr'>cuusa.</span> 
     </span>
     <span class='ocr_line' id='line_1_11' title="bbox 126 1691 1222 1776; baseline -0.002 -20"><span class='ocrx_word' id='word_1_88' title='bbox 126 1692 394 1757; x_wconf 77' lang='lat' dir='ltr'>Adulescentibus</span> <span class='ocrx_word' id='word_1_89' title='bbox 407 1701 512 1755; x_wconf 85' lang='lat' dir='ltr'>autern</span> <span class='ocrx_word' id='word_1_90' title='bbox 531 1693 693 1756; x_wconf 85' lang='lat' dir='ltr'>traduntur</span> <span class='ocrx_word' id='word_1_91' title='bbox 713 1696 934 1775; x_wconf 82' lang='lat' dir='ltr'>grammatice,</span> <span class='ocrx_word' id='word_1_92' title='bbox 960 1691 1125 1776; x_wconf 78' lang='lat' dir='ltr'>graphice,</span> <span class='ocrx_word' id='word_1_93' title='bbox 1153 1709 1222 1773; x_wconf 74' lang='lat' dir='ltr'>gy·</span> 
     </span>
     <span class='ocr_line' id='line_1_12' title="bbox 126 1799 1224 1882; baseline -0.001 -20"><span class='ocrx_word' id='word_1_94' title='bbox 126 1801 436 1881; x_wconf 79' lang='lat' dir='ltr'>moestiee,rnusiea.</span> <span class='ocrx_word' id='word_1_95' title='bbox 458 1800 607 1882; x_wconf 85' lang='lat' dir='ltr'>Plerique</span> <span class='ocrx_word' id='word_1_96' title='bbox 618 1801 757 1863; x_wconf 87' lang='lat' dir='ltr'>musicae</span> <span class='ocrx_word' id='word_1_97' title='bbox 778 1819 816 1862; x_wconf 90' lang='lat' dir='ltr'>se</span> <span class='ocrx_word' id='word_1_98' title='bbox 827 1799 1128 1880; x_wconf 84' lang='lat' dir='ltr'>deduntvoiuptatis</span> <span class='ocrx_word' id='word_1_99' title='bbox 1144 1817 1224 1861; x_wconf 82' lang='lat' dir='ltr'>osu-</span> 
     </span>
     <span class='ocr_line' id='line_1_13' title="bbox 124 1908 1219 1990; baseline 0 -21"><span class='ocrx_word' id='word_1_100' title='bbox 124 1925 177 1989; x_wconf 71' lang='grc' dir='ltr'>εις</span> <span class='ocrx_word' id='word_1_101' title='bbox 199 1926 269 1971; x_wconf 82' lang='lat' dir='ltr'>eam</span> <span class='ocrx_word' id='word_1_102' title='bbox 284 1917 389 1971; x_wconf 81' lang='lat' dir='ltr'>sutem</span> <span class='ocrx_word' id='word_1_103' title='bbox 402 1908 454 1990; x_wconf 93' lang='lat' dir='ltr'>qui</span> <span class='ocrx_word' id='word_1_104' title='bbox 469 1909 625 1989; x_wconf 88' lang='lat' dir='ltr'>principos</span> <span class='ocrx_word' id='word_1_105' title='bbox 636 1909 837 1971; x_wconf 89' lang='lat' dir='ltr'>instituerunt</span> <span class='ocrx_word' id='word_1_106' title='bbox 858 1908 1042 1971; x_wconf 86' lang='lat' dir='ltr'>discendam</span> <span class='ocrx_word' id='word_1_107' title='bbox 1057 1916 1219 1990; x_wconf 88' lang='lat' dir='ltr'>curarunt,</span> 
     </span>
     <span class='ocr_line' id='line_1_14' title="bbox 125 2013 1221 2096; baseline -0.001 -20"><span class='ocrx_word' id='word_1_108' title='bbox 125 2013 209 2094; x_wconf 90' lang='lat' dir='ltr'>quod</span> <span class='ocrx_word' id='word_1_109' title='bbox 234 2025 345 2077; x_wconf 79' lang='lat' dir='ltr'>nature</span> <span class='ocrx_word' id='word_1_110' title='bbox 365 2016 437 2095; x_wconf 84' lang='lat' dir='ltr'>lpsa</span> <span class='ocrx_word' id='word_1_111' title='bbox 455 2014 633 2096; x_wconf 79' lang='lat' dir='ltr'>requiritur,</span> <span class='ocrx_word' id='word_1_112' title='bbox 663 2024 698 2077; x_wconf 88' lang='lat' dir='ltr'>ut</span> <span class='ocrx_word' id='word_1_113' title='bbox 723 2018 814 2077; x_wconf 84' lang='lat' dir='ltr'>cives</span> <span class='ocrx_word' id='word_1_114' title='bbox 839 2014 977 2076; x_wconf 89' lang='lat' dir='ltr'>babeant</span> <span class='ocrx_word' id='word_1_115' title='bbox 1007 2031 1069 2094; x_wconf 92' lang='lat' dir='ltr'>quo</span> <span class='ocrx_word' id='word_1_116' title='bbox 1091 2022 1221 2077; x_wconf 90' lang='lat' dir='ltr'>utantur</span> 
     </span>
     <span class='ocr_line' id='line_1_15' title="bbox 123 2122 1221 2204; baseline -0.002 -19"><span class='ocrx_word' id='word_1_117' title='bbox 123 2126 155 2185; x_wconf 90' lang='lat' dir='ltr'>in</span> <span class='ocrx_word' id='word_1_118' title='bbox 178 2123 252 2186; x_wconf 87' lang='lat' dir='ltr'>otio.</span> <span class='ocrx_word' id='word_1_119' title='bbox 295 2124 367 2184; x_wconf 85' lang='lat' dir='ltr'>Hac</span> <span class='ocrx_word' id='word_1_120' title='bbox 388 2124 486 2204; x_wconf 80' lang='lat' dir='ltr'>igitur</span> <span class='ocrx_word' id='word_1_121' title='bbox 513 2134 583 2189; x_wconf 90' lang='lat' dir='ltr'>arte</span> <span class='ocrx_word' id='word_1_122' title='bbox 611 2123 699 2186; x_wconf 87' lang='lat' dir='ltr'>liberi</span> <span class='ocrx_word' id='word_1_123' title='bbox 726 2124 939 2198; x_wconf 84' lang='lat' dir='ltr'>instruuntur,</span> <span class='ocrx_word' id='word_1_124' title='bbox 969 2141 1030 2183; x_wconf 87' lang='lat' dir='ltr'>non</span> <span class='ocrx_word' id='word_1_125' title='bbox 1061 2122 1145 2203; x_wconf 93' lang='lat' dir='ltr'>quod</span> <span class='ocrx_word' id='word_1_126' title='bbox 1177 2124 1221 2183; x_wconf 84' lang='lat' dir='ltr'>sit</span> 
     </span>
     <span class='ocr_line' id='line_1_16' title="bbox 123 2229 1218 2314; baseline -0.003 -20"><span class='ocrx_word' id='word_1_127' title='bbox 123 2232 306 2295; x_wconf 81' lang='lat' dir='ltr'>necessarie</span> <span class='ocrx_word' id='word_1_128' title='bbox 326 2243 381 2296; x_wconf 88' lang='lat' dir='ltr'>aut</span> <span class='ocrx_word' id='word_1_129' title='bbox 401 2234 498 2314; x_wconf 85' lang='lat' dir='ltr'>utilis,</span> <span class='ocrx_word' id='word_1_130' title='bbox 520 2231 579 2295; x_wconf 88' lang='lat' dir='ltr'>sed</span> <span class='ocrx_word' id='word_1_131' title='bbox 600 2237 673 2313; x_wconf 83' lang='lat' dir='ltr'>quia</span> <span class='ocrx_word' id='word_1_132' title='bbox 692 2229 828 2291; x_wconf 81' lang='lat' dir='ltr'>liberatis</span> <span class='ocrx_word' id='word_1_133' title='bbox 850 2237 901 2291; x_wconf 89' lang='lat' dir='ltr'>est</span> <span class='ocrx_word' id='word_1_134' title='bbox 924 2238 956 2289; x_wconf 90' lang='lat' dir='ltr'>ot</span> <span class='ocrx_word' id='word_1_135' title='bbox 977 2229 1120 2291; x_wconf 82' lang='lat' dir='ltr'>honesta</span> <span class='ocrx_word' id='word_1_136' title='bbox 1151 2232 1218 2292; x_wconf 78' lang='lat' dir='ltr'>tan</span> 
     </span>
     <span class='ocr_line' id='line_1_17' title="bbox 124 2336 1218 2422; baseline 0 -22"><span class='ocrx_word' id='word_1_137' title='bbox 124 2338 165 2401; x_wconf 84' lang='lat' dir='ltr'>ad</span> <span class='ocrx_word' id='word_1_138' title='bbox 187 2340 341 2420; x_wconf 80' lang='lat' dir='ltr'>ordinem,</span> <span class='ocrx_word' id='word_1_139' title='bbox 365 2359 457 2421; x_wconf 87' lang='lat' dir='ltr'>quern</span> <span class='ocrx_word' id='word_1_140' title='bbox 479 2342 509 2402; x_wconf 92' lang='lat' dir='ltr'>iu</span> <span class='ocrx_word' id='word_1_141' title='bbox 532 2340 709 2403; x_wconf 87' lang='lat' dir='ltr'>eruditione</span> <span class='ocrx_word' id='word_1_142' title='bbox 725 2337 892 2422; x_wconf 88' lang='lat' dir='ltr'>tenendum</span> <span class='ocrx_word' id='word_1_143' title='bbox 912 2355 988 2400; x_wconf 88' lang='lat' dir='ltr'>esse</span> <span class='ocrx_word' id='word_1_144' title='bbox 1006 2336 1094 2420; x_wconf 83' lang='lat' dir='ltr'>dixit,</span> <span class='ocrx_word' id='word_1_145' title='bbox 1108 2341 1218 2419; x_wconf 87' lang='lat' dir='ltr'>respi-</span> 
     </span>
     <span class='ocr_line' id='line_1_18' title="bbox 124 2443 1220 2532; baseline 0 -22"><span class='ocrx_word' id='word_1_146' title='bbox 124 2449 212 2511; x_wconf 87' lang='lat' dir='ltr'>ciens</span> <span class='ocrx_word' id='word_1_147' title='bbox 233 2447 457 2511; x_wconf 70' lang='lat' dir='ltr'>adulescentes</span> <span class='ocrx_word' id='word_1_148' title='bbox 478 2450 609 2530; x_wconf 85' lang='lat' dir='ltr'>primum</span> <span class='ocrx_word' id='word_1_149' title='bbox 630 2443 796 2532; x_wconf 71' lang='grc' dir='ltr'>γυμναστῇ</span> <span class='ocrx_word' id='word_1_150' title='bbox 815 2446 897 2508; x_wconf 83' lang='lat' dir='ltr'>tradi</span> <span class='ocrx_word' id='word_1_151' title='bbox 917 2446 1013 2526; x_wconf 88' lang='lat' dir='ltr'>iubet,</span> <span class='ocrx_word' id='word_1_152' title='bbox 1030 2455 1066 2507; x_wconf 93' lang='lat' dir='ltr'>ut</span> <span class='ocrx_word' id='word_1_153' title='bbox 1088 2448 1220 2510; x_wconf 87' lang='lat' dir='ltr'>exerci-</span> 
     </span>
     <span class='ocr_line' id='line_1_19' title="bbox 125 2550 1223 2640; baseline 0 -21"><span class='ocrx_word' id='word_1_154' title='bbox 125 2566 194 2620; x_wconf 88' lang='lat' dir='ltr'>tent</span> <span class='ocrx_word' id='word_1_155' title='bbox 211 2574 357 2639; x_wconf 89' lang='lat' dir='ltr'>corpora,</span> <span class='ocrx_word' id='word_1_156' title='bbox 379 2565 412 2619; x_wconf 84' lang='lat' dir='ltr'>et</span> <span class='ocrx_word' id='word_1_157' title='bbox 433 2550 650 2640; x_wconf 74' lang='grc' dir='ltr'>παιδοτρίβῃ,</span> <span class='ocrx_word' id='word_1_158' title='bbox 672 2564 708 2617; x_wconf 93' lang='lat' dir='ltr'>ut</span> <span class='ocrx_word' id='word_1_159' title='bbox 729 2554 770 2618; x_wconf 88' lang='lat' dir='ltr'>ad</span> <span class='ocrx_word' id='word_1_160' title='bbox 792 2572 889 2637; x_wconf 84' lang='lat' dir='ltr'>opere</span> <span class='ocrx_word' id='word_1_161' title='bbox 908 2558 1112 2617; x_wconf 82' lang='lat' dir='ltr'>instituantur</span> <span class='ocrx_word' id='word_1_162' title='bbox 1134 2556 1223 2628; x_wconf 82' lang='lat' dir='ltr'>(Pei.</span> 
     </span>
     <span class='ocr_line' id='line_1_20' title="bbox 125 2663 346 2739; baseline 0.005 -12"><span class='ocrx_word' id='word_1_163' title='bbox 125 2666 215 2727; x_wconf 80' lang='lat' dir='ltr'>vlit.</span> <span class='ocrx_word' id='word_1_164' title='bbox 237 2667 266 2729; x_wconf 77' lang='lat'>2.</span> <span class='ocrx_word' id='word_1_165' title='bbox 288 2663 346 2739; x_wconf 64' lang='lat' dir='ltr'>a).</span> 
     </span>
    </p>

    <p class='ocr_par' dir='ltr' id='par_1_3' title="bbox 125 2769 1224 3290">
     <span class='ocr_line' id='line_1_21' title="bbox 186 2769 1219 2852; baseline -0.001 -18"><span class='ocrx_word' id='word_1_166' title='bbox 186 2771 396 2835; x_wconf 82' lang='lat' dir='ltr'>Adhibendao</span> <span class='ocrx_word' id='word_1_167' title='bbox 415 2781 490 2835; x_wconf 90' lang='lat' dir='ltr'>suut</span> <span class='ocrx_word' id='word_1_168' title='bbox 506 2780 613 2834; x_wconf 86' lang='lat' dir='ltr'>autem</span> <span class='ocrx_word' id='word_1_169' title='bbox 635 2771 880 2835; x_wconf 67' lang='lat' dir='ltr'>exercitationes</span> <span class='ocrx_word' id='word_1_170' title='bbox 900 2769 1004 2850; x_wconf 81' lang='lat' dir='ltr'>leves,</span> <span class='ocrx_word' id='word_1_171' title='bbox 1024 2789 1064 2832; x_wconf 88' lang='lat' dir='ltr'>ue</span> <span class='ocrx_word' id='word_1_172' title='bbox 1086 2787 1219 2852; x_wconf 84' lang='lat' dir='ltr'>corpora</span> 
     </span>
     <span class='ocr_line' id='line_1_22' title="bbox 125 2878 1224 2944; baseline 0.005 -6"><span class='ocrx_word' id='word_1_173' title='bbox 125 2878 313 2941; x_wconf 82' lang='lat' dir='ltr'>hominesve</span> <span class='ocrx_word' id='word_1_174' title='bbox 340 2881 492 2943; x_wconf 81' lang='lat' dir='ltr'>immanes</span> <span class='ocrx_word' id='word_1_175' title='bbox 520 2880 669 2944; x_wconf 74' lang='lat' dir='ltr'>evadant.</span> <span class='ocrx_word' id='word_1_176' title='bbox 722 2883 803 2944; x_wconf 80' lang='lat' dir='ltr'>Attio</span> <span class='ocrx_word' id='word_1_177' title='bbox 831 2900 908 2943; x_wconf 85' lang='lat' dir='ltr'>vero</span> <span class='ocrx_word' id='word_1_178' title='bbox 936 2880 1088 2944; x_wconf 88' lang='lat' dir='ltr'>doctrinis</span> <span class='ocrx_word' id='word_1_179' title='bbox 1108 2880 1183 2944; x_wconf 87' lang='lat' dir='ltr'>inde</span> <span class='ocrx_word' id='word_1_180' title='bbox 1201 2898 1224 2943; x_wconf 81' lang='lat' dir='ltr'>s</span> 
     </span>
     <span class='ocr_line' id='line_1_23' title="bbox 127 2986 1224 3071; baseline 0 -22"><span class='ocrx_word' id='word_1_181' title='bbox 127 2986 294 3067; x_wconf 73' lang='lat' dir='ltr'>pubertate</span> <span class='ocrx_word' id='word_1_182' title='bbox 322 3005 378 3068; x_wconf 86' lang='lat' dir='ltr'>per</span> <span class='ocrx_word' id='word_1_183' title='bbox 408 2998 476 3051; x_wconf 79' lang='lat' dir='ltr'>tres</span> <span class='ocrx_word' id='word_1_184' title='bbox 501 3005 603 3050; x_wconf 84' lang='lat' dir='ltr'>anuos</span> <span class='ocrx_word' id='word_1_185' title='bbox 625 2989 736 3052; x_wconf 88' lang='lat' dir='ltr'>imbuti</span> <span class='ocrx_word' id='word_1_186' title='bbox 767 2998 800 3051; x_wconf 88' lang='lat' dir='ltr'>et</span> <span class='ocrx_word' id='word_1_187' title='bbox 825 2988 1006 3071; x_wconf 76' lang='lat' dir='ltr'>graviorem</span> <span class='ocrx_word' id='word_1_188' title='bbox 1035 2988 1140 3051; x_wconf 86' lang='lat' dir='ltr'>cibum</span> <span class='ocrx_word' id='word_1_189' title='bbox 1161 3005 1224 3049; x_wconf 92' lang='lat' dir='ltr'>su·</span> 
     </span>
     <span class='ocr_line' id='line_1_24' title="bbox 125 3095 1223 3180; baseline 0 -22"><span class='ocrx_word' id='word_1_190' title='bbox 125 3113 215 3160; x_wconf 86' lang='lat' dir='ltr'>mere</span> <span class='ocrx_word' id='word_1_191' title='bbox 233 3106 368 3176; x_wconf 86' lang='lat' dir='ltr'>possunt</span> <span class='ocrx_word' id='word_1_192' title='bbox 389 3096 581 3180; x_wconf 80' lang='lat' dir='ltr'>laboresque</span> <span class='ocrx_word' id='word_1_193' title='bbox 600 3100 766 3179; x_wconf 85' lang='lat' dir='ltr'>suscipere</span> <span class='ocrx_word' id='word_1_194' title='bbox 787 3098 923 3160; x_wconf 71' lang='lat' dir='ltr'>nidores</span> <span class='ocrx_word' id='word_1_195' title='bbox 941 3097 1028 3172; x_wconf 79' lang='lat' dir='ltr'>(Pol.</span> <span class='ocrx_word' id='word_1_196' title='bbox 1049 3096 1141 3158; x_wconf 84' lang='lat' dir='ltr'>vm.</span> <span class='ocrx_word' id='word_1_197' title='bbox 1165 3095 1223 3168; x_wconf 65' lang='lat' dir='ltr'>b).</span> 
     </span>
     <span class='ocr_line' id='line_1_25' title="bbox 125 3205 499 3290; baseline 0.005 -24"><span class='ocrx_word' id='word_1_198' title='bbox 125 3206 193 3267; x_wconf 87' lang='lat' dir='ltr'>lam</span> <span class='ocrx_word' id='word_1_199' title='bbox 214 3205 256 3269; x_wconf 81' lang='lat' dir='ltr'>ad</span> <span class='ocrx_word' id='word_1_200' title='bbox 277 3206 499 3290; x_wconf 86' lang='lat' dir='ltr'>quaestionem</span> 
     </span>
    </p>
   </div>
   <div class='ocr_carea' id='block_1_2' title="bbox 432 3319 913 3484">
    <p class='ocr_par' dir='ltr' id='par_1_4' title="bbox 432 3319 913 3484">
     <span class='ocr_line' id='line_1_26' title="bbox 432 3319 913 3484; baseline -0.006 -12"><span class='ocrx_word' id='word_1_201' title='bbox 432 3421 477 3472; x_wconf 84' lang='lat' dir='ltr'>De</span> <span class='ocrx_word' id='word_1_202' title='bbox 493 3319 723 3484; x_wconf 42' lang='lat' dir='ltr'>tuncnihil:</span> <span class='ocrx_word' id='word_1_203' title='bbox 742 3421 802 3471; x_wconf 79' lang='lat' dir='ltr'>vti.</span> <span class='ocrx_word' id='word_1_204' title='bbox 819 3419 913 3483; x_wconf 70' lang='lat'><strong>5-7.)</strong></span> 
     </span>
    </p>
   </div>
   <div class='ocr_carea' id='block_1_3' title="bbox 125 3497 1225 4026">
    <p class='ocr_par' dir='ltr' id='par_1_5' title="bbox 125 3497 1225 4026">
     <span class='ocr_line' id='line_1_27' title="bbox 230 3497 1225 3593; baseline 0.003 -22"><span class='ocrx_word' id='word_1_205' title='bbox 230 3508 434 3591; x_wconf 81' lang='lat' dir='ltr'>Revertitur,</span> <span class='ocrx_word' id='word_1_206' title='bbox 460 3520 494 3574; x_wconf 86' lang='lat' dir='ltr'>ut</span> <span class='ocrx_word' id='word_1_207' title='bbox 521 3511 591 3573; x_wconf 88' lang='lat' dir='ltr'>eius</span> <span class='ocrx_word' id='word_1_208' title='bbox 620 3510 713 3593; x_wconf 83' lang='lat' dir='ltr'>qussi</span> <span class='ocrx_word' id='word_1_209' title='bbox 747 3497 916 3588; x_wconf 78' lang='grc' dir='ltr'>ἐνδόσιμον</span> <span class='ocrx_word' id='word_1_210' title='bbox 944 3510 1052 3576; x_wconf 82' lang='lat' dir='ltr'>iaciat</span> <span class='ocrx_word' id='word_1_211' title='bbox 1107 3512 1225 3592; x_wconf 85' lang='lat' dir='ltr'>Neque</span> 
     </span>
     <span class='ocr_line' id='line_1_28' title="bbox 125 3616 1225 3700; baseline 0.002 -23"><span class='ocrx_word' id='word_1_212' title='bbox 125 3618 206 3680; x_wconf 88' lang='lat' dir='ltr'>enim</span> <span class='ocrx_word' id='word_1_213' title='bbox 229 3617 351 3678; x_wconf 88' lang='lat' dir='ltr'>musica</span> <span class='ocrx_word' id='word_1_214' title='bbox 371 3619 593 3700; x_wconf 84' lang='lat' dir='ltr'>quamhabeat</span> <span class='ocrx_word' id='word_1_215' title='bbox 611 3619 676 3682; x_wconf 89' lang='lat' dir='ltr'>vim</span> <span class='ocrx_word' id='word_1_216' title='bbox 699 3627 732 3679; x_wconf 92' lang='lat' dir='ltr'>et</span> <span class='ocrx_word' id='word_1_217' title='bbox 751 3616 942 3700; x_wconf 79' lang='lat' dir='ltr'>efficaciam,</span> <span class='ocrx_word' id='word_1_218' title='bbox 955 3618 1051 3682; x_wconf 69' lang='lat' dir='ltr'>indie</span> <span class='ocrx_word' id='word_1_219' title='bbox 1071 3617 1225 3699; x_wconf 87' lang='lat' dir='ltr'>perpendi</span> 
     </span>
     <span class='ocr_line' id='line_1_29' title="bbox 125 3725 1224 3808; baseline 0.001 -21"><span class='ocrx_word' id='word_1_220' title='bbox 125 3734 245 3807; x_wconf 86' lang='lat' dir='ltr'>potest,</span> <span class='ocrx_word' id='word_1_221' title='bbox 266 3743 371 3807; x_wconf 86' lang='lat' dir='ltr'>neque</span> <span class='ocrx_word' id='word_1_222' title='bbox 392 3743 487 3806; x_wconf 85' lang='lat' dir='ltr'>quarn</span> <span class='ocrx_word' id='word_1_223' title='bbox 509 3728 549 3789; x_wconf 88' lang='lat' dir='ltr'>ob</span> <span class='ocrx_word' id='word_1_224' title='bbox 570 3748 700 3793; x_wconf 69' lang='lat' dir='ltr'>ausum</span> <span class='ocrx_word' id='word_1_225' title='bbox 724 3728 752 3789; x_wconf 92' lang='lat' dir='ltr'>ei</span> <span class='ocrx_word' id='word_1_226' title='bbox 774 3729 816 3790; x_wconf 89' lang='lat' dir='ltr'>sit</span> <span class='ocrx_word' id='word_1_227' title='bbox 837 3746 935 3808; x_wconf 87' lang='lat' dir='ltr'>opera</span> <span class='ocrx_word' id='word_1_228' title='bbox 956 3725 1120 3789; x_wconf 90' lang='lat' dir='ltr'>tribuenda</span> <span class='ocrx_word' id='word_1_229' title='bbox 1140 3743 1224 3788; x_wconf 90' lang='lat' dir='ltr'>con·</span> 
     </span>
     <span class='ocr_line' id='line_1_30' title="bbox 126 3831 1223 3918; baseline 0 -19"><span class='ocrx_word' id='word_1_230' title='bbox 126 3845 210 3916; x_wconf 86' lang='lat' dir='ltr'>stat,</span> <span class='ocrx_word' id='word_1_231' title='bbox 239 3848 342 3897; x_wconf 91' lang='lat' dir='ltr'>utrum</span> <span class='ocrx_word' id='word_1_232' title='bbox 372 3831 436 3895; x_wconf 88' lang='lat' dir='ltr'>iudi</span> <span class='ocrx_word' id='word_1_233' title='bbox 463 3833 621 3916; x_wconf 83' lang='lat' dir='ltr'>animique</span> <span class='ocrx_word' id='word_1_234' title='bbox 648 3836 830 3918; x_wconf 70' lang='lat' dir='ltr'>relaxandi,</span> <span class='ocrx_word' id='word_1_235' title='bbox 864 3857 904 3900; x_wconf 84' lang='lat' dir='ltr'>au</span> <span class='ocrx_word' id='word_1_236' title='bbox 932 3837 1082 3898; x_wconf 86' lang='lat' dir='ltr'>virtutum</span> <span class='ocrx_word' id='word_1_237' title='bbox 1114 3854 1223 3899; x_wconf 84' lang='lat' dir='ltr'>mora·</span> 
     </span>
     <span class='ocr_line' id='line_1_31' title="bbox 126 3943 1222 4026; baseline 0.004 -22"><span class='ocrx_word' id='word_1_238' title='bbox 126 3945 218 4024; x_wconf 76' lang='lat' dir='ltr'>tium,</span> <span class='ocrx_word' id='word_1_239' title='bbox 249 3962 290 4006; x_wconf 83' lang='lat' dir='ltr'>au</span> <span class='ocrx_word' id='word_1_240' title='bbox 319 3945 457 4024; x_wconf 89' lang='lat' dir='ltr'>optimae</span> <span class='ocrx_word' id='word_1_241' title='bbox 486 3946 517 4005; x_wconf 90' lang='lat' dir='ltr'>iu</span> <span class='ocrx_word' id='word_1_242' title='bbox 548 3944 611 4006; x_wconf 89' lang='lat' dir='ltr'>otio</span> <span class='ocrx_word' id='word_1_243' title='bbox 641 3947 728 4008; x_wconf 77' lang='lat' dir='ltr'>vitoe</span> <span class='ocrx_word' id='word_1_244' title='bbox 755 3965 863 4009; x_wconf 80' lang='lat' dir='ltr'>causa.</span> <span class='ocrx_word' id='word_1_245' title='bbox 907 3943 975 4009; x_wconf 87' lang='lat' dir='ltr'>Sed</span> <span class='ocrx_word' id='word_1_246' title='bbox 1000 3960 1222 4026; x_wconf 82' lang='lat' dir='ltr'>quamcunque</span> 
     </span>
    </p>
   </div>
   <div class='ocr_carea' id='block_1_4' title="bbox 146 4124 1223 4288">
    <p class='ocr_par' dir='ltr' id='par_1_6' title="bbox 146 4124 1223 4288">
     <span class='ocr_line' id='line_1_32' title="bbox 146 4124 1223 4194; baseline 0.005 -21"><span class='ocrx_word' id='word_1_247' title='bbox 146 4125 176 4182; x_wconf 82' lang='grc'>1)</span> <span class='ocrx_word' id='word_1_248' title='bbox 196 4124 241 4174; x_wconf 73' lang='lat' dir='ltr'>sto</span> <span class='ocrx_word' id='word_1_249' title='bbox 260 4125 327 4174; x_wconf 80' lang='lat' dir='ltr'>enin</span> <span class='ocrx_word' id='word_1_250' title='bbox 347 4124 491 4191; x_wconf 80' lang='lat' dir='ltr'>legendnm</span> <span class='ocrx_word' id='word_1_251' title='bbox 509 4140 572 4177; x_wconf 71' lang='lat' dir='ltr'>esee</span> <span class='ocrx_word' id='word_1_252' title='bbox 590 4128 694 4180; x_wconf 83' lang='lat' dir='ltr'>videtur</span> <span class='ocrx_word' id='word_1_253' title='bbox 712 4127 755 4192; x_wconf 87' lang='lat' dir='ltr'>(in</span> <span class='ocrx_word' id='word_1_254' title='bbox 767 4127 972 4194; x_wconf 76' lang='lat' dir='ltr'>Pol.vttt.2.):</span> <span class='ocrx_word' id='word_1_255' title='bbox 983 4125 1053 4180; x_wconf 74' lang='grc' dir='ltr'>Ἔστι</span> <span class='ocrx_word' id='word_1_256' title='bbox 1070 4126 1098 4180; x_wconf 72' lang='lat' dir='ltr'>ds</span> <span class='ocrx_word' id='word_1_257' title='bbox 1114 4132 1155 4181; x_wconf 72' lang='lat' dir='ltr'>not</span> <span class='ocrx_word' id='word_1_258' title='bbox 1172 4132 1223 4180; x_wconf 75' lang='grc' dir='ltr'>τῶν</span> 
     </span>
     <span class='ocr_line' id='line_1_33' title="bbox 194 4210 1218 4288; baseline 0.005 -23"><span class='ocrx_word' id='word_1_259' title='bbox 194 4210 445 4286; x_wconf 67' lang='grc' dir='ltr'>ἆνεὶευθέρων</span> <span class='ocrx_word' id='word_1_260' title='bbox 470 4216 613 4284; x_wconf 61' lang='lat' dir='ltr'>inurimur</span> <span class='ocrx_word' id='word_1_261' title='bbox 639 4223 714 4287; x_wconf 73' lang='grc' dir='ltr'>μέχρι</span> <span class='ocrx_word' id='word_1_262' title='bbox 740 4223 788 4284; x_wconf 72' lang='grc' dir='ltr'>μέν</span> <span class='ocrx_word' id='word_1_263' title='bbox 814 4239 878 4279; x_wconf 79' lang='grc' dir='ltr'><strong>τινος</strong></span> <span class='ocrx_word' id='word_1_264' title='bbox 905 4218 1003 4281; x_wconf 71' lang='grc' dir='ltr'>(ἐνίων)</span> <span class='ocrx_word' id='word_1_265' title='bbox 1029 4227 1149 4288; x_wconf 70' lang='grc' dir='ltr'>μετέχειν</span> <span class='ocrx_word' id='word_1_266' title='bbox 1174 4216 1218 4270; x_wconf 78' lang='lat' dir='ltr'>orior</span> 
     </span>
    </p>
   </div>
   <div class='ocr_carea' id='block_1_5' title="bbox 135 4304 359 4374">
    <p class='ocr_par' dir='ltr' id='par_1_7' title="bbox 135 4304 359 4374">
     <span class='ocr_line' id='line_1_34' title="bbox 135 4304 359 4374; baseline 0.004 -16"><span class='ocrx_word' id='word_1_267' title='bbox 135 4316 137 4321; x_wconf 80' lang='grc'>’</span> <span class='ocrx_word' id='word_1_268' title='bbox 183 4304 359 4374; x_wconf 59' lang='lat' dir='ltr'>irrisimus.</span> 
     </span>
    </p>
   </div>
   <div class='ocr_carea' id='block_1_6' title="bbox 0 0 1373 4816">
    <p class='ocr_par' dir='ltr' id='par_1_8' title="bbox 0 0 1373 4816">
     <span class='ocr_line' id='line_1_35' title="bbox 0 0 1373 4816; baseline 0 0"><span class='ocrx_word' id='word_1_269' title='bbox 0 0 1373 4816; x_wconf 95' lang='lat' dir='ltr'> </span> 
     </span>
    </p>
   </div>
  </div>
 </body>
</html>
