2730 4816
615 414 845 477 -100..

171 605 291 668 ro'usioo
320 603 520 665 coniunctum
553 607 605 661 est
620 603 656 674 ¹).
707 600 822 680 Neque
854 597 895 660 de
922 585 1120 681 μαθημασι;
1152 598 1270 679 quibus

169 715 303 775 iuvenes
324 730 344 773 a
366 711 534 790 pubertate
556 705 718 788 usquead
741 724 855 767 annum
877 705 966 768 ΧΧΙ.
987 704 1146 768 imbuendi
1175 714 1268 776 sunt,

171 811 340 892 quidquam
363 810 446 873 aiiud
470 811 622 892 reperies,
643 812 703 872 nisi
725 831 807 893 quae
829 821 903 873 sunt
924 815 953 874 in
976 814 1081 895 oapite
1097 813 1155 876 iV.
1170 801 1271 875 Ὅταν

170 915 202 980 δ’
230 909 288 1003 αφ’
309 911 391 1002 ἥβης
411 909 467 1000 ἔτη
488 912 565 999 τρία
585 906 669 1000 πρὸς
688 920 760 992 τοῖς
780 908 892 993 ἄλλοις
907 909 1083 1004 μαθήμασι
1100 916 1272 1004 γένωνται,

170 1015 245 1089 τότε
266 1013 422 1110 ἁρμόττει
443 1022 508 1090 κτλ.
552 1025 645 1103 Quae
670 1045 762 1110 quum
789 1031 835 1090 ita
864 1029 927 1090 sint
952 1028 1198 1110 disputationem
1230 1027 1273 1090 do

172 1137 290 1200 oeteris
313 1135 431 1196 artibus
451 1132 631 1197 liberalibus
654 1135 814 1199 excidisse
846 1133 949 1201 iudioo
979 1147 1012 1200 ot
1039 1137 1165 1221 quidem
1192 1147 1272 1218 post

174 1255 270 1328 oaput
293 1246 349 1311 tv,
371 1246 436 1307 iibri
458 1246 488 1308 V
492 1249 546 1309 iii.

255 1356 328 1417 liao
360 1362 465 1415 autem
496 1357 526 1416 in
551 1352 765 1436 disputatione
792 1356 888 1415 etiam
916 1351 1118 1434 praestitisse
1140 1351 1274 1412 videtur

173 1463 224 1544 id,
259 1462 343 1546 quod
374 1464 516 1544 promisit
548 1466 579 1524 in
609 1463 678 1525 Poi.
709 1463 782 1524 vit.
815 1461 861 1522 17.
901 1456 969 1522 Νῦν
989 1455 1049 1540 μὲν
1070 1445 1126 1521 οὖν
1145 1446 1275 1521 τούτων

171 1578 296 1647 (earum
330 1590 456 1649 rerum,
496 1590 579 1652 quae
613 1591 633 1634 a
669 1573 820 1632 iuvenum
851 1569 978 1632 auribus
1014 1576 1046 1629 et
1081 1567 1181 1628 oeulis
1214 1587 1276 1629 ar·-

174 1679 295 1742 oeudae
317 1683 410 1752 sunt)
432 1673 466 1738 ἐν
487 1674 685 1763 παραδρομῇ
707 1664 924 1761 πεποιήμεθα
951 1665 1008 1737 τδν
1036 1664 1143 1758 λόγον’
1169 1664 1273 1737 ὕστε-

172 1806 229 1873 ρον
250 1774 518 1870 δ’ἐπιστήσαντας
539 1783 592 1847 δεῖ
613 1779 755 1871 διορίσαι
775 1779 914 1864 μᾶλλον,
946 1780 1014 1846 εἴτε
1034 1772 1081 1868 μή
1102 1779 1156 1845 δεῖ
1174 1779 1276 1866 πρῶ-

172 1915 227 1957 τον
250 1891 317 1957 εἴτε
338 1891 393 1956 δεῖ
417 1882 682 1976 διαπορήσαντας
702 1889 757 1954 καὶ
777 1889 850 1965 πῶς
869 1888 931 1954 δεῖ·
963 1880 1045 1954 κατα
1065 1887 1105 1954 δὲ
1124 1879 1182 1952 τδν
1203 1910 1277 1953 πα-

174 1990 272 2086 ρόντα
292 1991 404 2087 καιρὸν
423 1991 633 2087 ἐμνήσθημεν
652 1991 697 2077 οἷς
725 1992 903 2084 ἀναγκαῖον.
957 2002 1020 2066 Cui
1043 1999 1170 2084 quidem
1192 2020 1277 2082 pro·

175 2112 274 2173 misso
289 2128 371 2172 eum
400 2111 592 2173 satisiaoere
612 2130 675 2173 ooo
709 2112 840 2174 arbitror
860 2110 927 2172 iibri
945 2110 1037 2173 Vnt.
1060 2110 1175 2191 ospitis
1197 2108 1277 2172 ΠΙ.

175 2221 408 2304 ηταοοομιίτη.

260 2331 353 2406 Quae
376 2328 416 2391 de
444 2329 590 2392 librorum
614 2331 647 2392 V
649 2331 687 2391 11.
710 2341 743 2393 et
773 2329 863 2391 Vnt.
887 2330 1070 2414 integritate
1092 2329 1280 2394 dictasunt

177 2439 281 2501 omnia
302 2437 376 2499 mihi
400 2454 525 2499 meeum
546 2438 706 2519 reputanti
732 2437 761 2499 id
780 2454 863 2505 ,vero
885 2442 1015 2519 propius
1036 2454 1112 2498 esse
1132 2437 1277 2518 videtur,

179 2540 357 2609 desiderari
387 2562 448 2605 non
478 2542 560 2606 duos
583 2545 635 2605 vel
657 2550 805 2625 quattuor
826 2543 933 2626 libros,
952 2545 1010 2607 sed
1034 2543 1278 2626 disputationes

178 2650 271 2729 duas,
285 2660 341 2713 aut
361 2659 438 2713 tres.
466 2651 604 2730 Quarum
617 2670 709 2714 unam
732 2660 805 2733 post
827 2651 901 2713 vti.
927 2654 973 2714 12.
995 2650 1122 2735 deesse,
1142 2653 1280 2719 aiteram

179 2766 254 2840 post
276 2758 365 2822 Viii.
387 2756 416 2819 4.
436 2758 635 2837 crediderim,
658 2766 756 2819 totam
781 2767 886 2820 autern
910 2758 950 2823 da
975 2763 1093 2842 optima
1113 2760 1282 2843 repubtioa

179 2873 300 2946 partem
323 2865 471 2927 oonoiudi
495 2871 686 2948 quaestione
708 2864 748 2926 de
768 2867 899 2931 musica.

264 2972 330 3033 iam
353 2989 430 3032 vero
452 2988 545 3051 quum
567 2972 607 3033 ab
630 2973 802 3034 Aristotele
823 2975 954 3054 primum
973 2973 1088 3038 dietum
1104 2976 1145 3038 sit
1159 2977 1285 3059 optima

179 3083 357 3163 respublica
371 3100 428 3163 per
442 3100 522 3163 quos
544 3084 585 3145 sit
605 3081 747 3166 regenda
769 3083 839 3162 (1.),
861 3081 975 3168 deiude
991 3084 1150 3165 quomodo
1163 3095 1283 3152 natura

180 3172 328 3272 ¹gignatur
352 3200 385 3252 et
413 3208 476 3271 qua
504 3192 627 3252 ratione
655 3189 868 3252 coustituetur
896 3189 986 3272 iii),
1009 3188 1142 3274 denique
1164 3193 1284 3275 quibas

181 3317 222 3360 ox
242 3300 363 3361 civibus
383 3307 587 3380 componatur
610 3299 716 3373 (iii.):
736 3298 882 3380 sequitur

181 3456 466 3481 -ι--ἡ--ιι

202 3557 232 3618 l)
249 3559 293 3613 Cf.
311 3559 369 3610 Pol.
387 3561 460 3610 Vill-
480 3562 506 3612 6.
525 3561 587 3626 Περὶ
605 3558 633 3609 δὲ
652 3563 691 3625 τῆς
709 3555 867 3622 ἐπιτιμήσεως
884 3552 914 3622 ἦν
931 3576 993 3616 τινες
1011 3555 1196 3624 ἓπιτιμῶσινῶς
1214 3580 1287 3614 ποι.

250 3648 319 3718 οὔσης
344 3655 385 3716 τῆς
402 3655 519 3716 μουσικῆς
535 3648 687 3716 βαναύσους,
714 3645 744 3698 οὕ
765 3645 882 3713 patendo
907 3650 975 3700 λῦσαι
1006 3654 1178 3717 σκεψαμένους
1201 3656 1287 3722 μέχρι

252 3761 280 3793 τι
297 3740 379 3793 πόσον
401 3744 452 3792 τῶν
467 3741 544 3809 ἔργον
569 3743 727 3806 κοινωνητέον
753 3745 805 3796 τοῖς
821 3737 883 3804 πρδς
899 3736 987 3806 ἆρετήν
1002 3737 1290 3808 παιδευομδνοιςιτιολι-

251 3833 376 3901 τικὴν,ιια“ι
392 3838 454 3887 σοί
468 3856 511 3886 ων
528 3835 640 3901 μελῶν
656 3836 707 3884 καὶ
724 3837 828 3884 ποίων
844 3832 981 3899 ῥυθμῶν
997 3841 1157 3899 κοινωνητέον
1172 3844 1197 3891 ιδ.
1215 3854 1242 3892 τ.
1261 3840 1287 3888 2·

202 3923 282 3990 2)1n
300 3927 391 3975 eadem
410 3925 569 3990 quaestione
587 3923 654 3974 iliud
671 3922 804 3986 explicari
821 3923 924 3985 potuit,
954 3921 1023 3986 qaod
1042 3924 1172 3975 indicavit
1189 3927 1287 3988 Spen-

252 4017 349 4080 geliua.
386 4015 491 4080 (Ueber
513 4017 555 4067 die
577 4017 636 4067 Pol.
659 4017 705 4066 des
725 4016 807 4065 Arist.
822 4028 887 4065 ano.
906 4015 981 4077 ii.):
1015 4016 1144 4079 „Gewiss
1161 4018 1208 4069 bat
1223 4018 1288 4070 sloh

252 4106 415 4159 Aristoteles
438 4106 555 4160 darriber
581 4108 705 4175 erkiairt,
736 4110 770 4160 ob
787 4122 850 4159 man
872 4111 973 4160 Homer
992 4111 1046 4159 uod
1072 4110 1114 4160 die
1137 4110 1287 4179 Tragike'r,

253 4198 357 4249 welotre
381 4200 457 4252 Plato
483 4200 619 4252 verbaoot
636 4203 700 4263 bat,
726 4199 886 4250 aatoebmen
904 4200 980 4250 oorre
997 4202 1051 4250 und
1069 4214 1183 4258 waram.
1216 4202 1291 4270 Vgi.

256 4290 317 4340 vlt.
335 4289 404 4341 tw
