2730 4816
424 1259 595 1350 unus
634 1196 853 1349 curun.

115 1454 298 1535 Quonam
334 1455 554 1537 proposito
587 1430 848 1518 Arisl'otolcs
881 1452 928 1516 ad
961 1454 1162 1536 politicas

226 1562 490 1645 disciplinam
513 1564 776 1627 tractandam
800 1567 1054 1628 accesserit.

532 1781 740 1797 ῃ

526 1945 704 2001 ΜΡΝ
722 1944 761 2001 1.

93 2089 144 2149 Do
164 2088 297 2149 consilio
319 2091 417 2149 totitas
437 2091 552 2166 operio,
577 2094 670 2150 corioro
690 2089 793 2149 allero
812 2107 893 2166 porr
912 2092 1045 2148 vocatur
1057 2085 1193 2159 Eldicn,

506 2193 608 2254 altera
632 2195 777 2254 Poiilr‘ca.

605 2381 635 2450 9.
656 2377 687 2439 2.

199 2530 391 2595 Aristoteles
413 2519 515 2616 quum*
538 2531 651 2597 Ethica
674 2541 706 2594 et
727 2532 863 2596 Politica
895 2530 1131 2612 conscriberet,
1164 2528 1195 2594 id
1318 2532 1321 2539 '

95 2641 155 2704 sibi
176 2645 359 2725 proposuit,
390 2654 423 2707 ut
453 2642 609 2706 derebus
632 2641 778 2705 humanis
800 2636 894 2727 (napi
916 2626 1192 2725 aoioiodprdnavor)

96 2753 312 2832 inquirerem.
356 2752 448 2831 Quod
473 2752 545 2836 quid
567 2752 740 2834 significet,
763 2760 796 2813 ut
812 2752 995 2814 accuratius
1011 2769 1197 2834 cognosca-
1278 2809 1284 2817 .

98 2865 168 2936 tur,
197 2861 290 2936 paulo
319 2858 411 2920 altius
439 2858 642 2941 repetendum
673 2868 733 2921 est.
785 2857 891 2936 Quum
915 2858 1042 2935 bonurn,
1065 2866 1194 2938 propter

99 2962 183 3044 qnod
207 2964 270 3025 alla
286 2965 467 3045 expetenda
488 2975 574 3046 sunt,
596 2969 698 3029 maius
717 2970 761 3028 sit
779 2975 876 3048 atquc
897 2964 1076 3046 optabilius,
1100 2983 1194 3044 quarn

98 3088 138 3132 ca
161 3089 245 3153 quaa
267 3080 396 3151 propter
419 3070 492 3132 illud
516 3080 720 3153 expetuntur:
744 3089 903 3132 summurn
927 3079 988 3149 ost,
1013 3068 1097 3148 quod
1120 3069 1194 3149 qui-

97 3175 169 3237 dsnr
192 3176 338 3238 hominos
359 3178 515 3258 consequi
539 3181 732 3258 possunt2),
762 3177 817 3237 vel
839 3183 1018 3238 extromum
1042 3173 1094 3234 vel
1117 3173 1194 3237 ulli-

98 3304 182 3347 nrurn
197 3285 351 3347 bonorum
368 3288 504 3347 omniurn
528 3285 569 3364 id,
593 3284 634 3347 ad
652 3284 736 3368 quod
756 3285 859 3346 omnia
876 3284 1066 3363 referuntur,
1090 3283 1192 3363 ipsurn

97 3399 204 3451 autern
220 3407 383 3471 nusquam.
404 3392 522 3453 liornrn
540 3403 660 3468 autern,
677 3408 760 3470 quae
775 3407 836 3450 uou
855 3409 912 3470 per
928 3406 965 3449 aa
987 3387 1046 3449 sed
1066 3397 1196 3469 proptor

102 3496 187 3561 aliud
216 3505 425 3581 appetuntur,
454 3498 605 3560 bonorum
636 3496 722 3559 aliud
753 3497 814 3572 alia
844 3494 976 3559 officere
1003 3495 1113 3557 studet
1142 3513 1195 3556 ars

99 3616 155 3673 arnt
181 3607 379 3683 doctrinm:
408 3610 490 3671 illud
515 3630 588 3697 ccro
616 3590 769 3671 donorum
797 3608 1010 3671 humanorum
1038 3605 1195 3678 ultimum,

104 3766 403 3787 m

118 3868 150 3934 l)
168 3870 228 3921 litu.
247 3868 306 3920 Nic.
325 3872 356 3920 X.
377 3867 423 3919 10.

116 3960 150 4026 2)
167 3958 278 4029 πρακτόν
296 3963 336 4011 καὶ
354 3958 444 4026 κτητόν
461 3957 595 4027 ἆνθρῶπῳ.
612 3962 672 4012 Eth.
689 3963 748 4013 Nic.
767 3964 787 4014 Ι.
806 3961 833 4011 4.
850 3962 886 4009 ci.
905 3960 1004 4008 nluret.
1024 3954 1083 4020 (ed.
1102 3957 1197 4008 iiilun-

167 4053 279 4119 lrenlna)
303 4055 330 4104 ln
350 4052 411 4106 Eli.
434 4052 493 4104 llio.
517 4053 537 4102 l.
557 4052 583 4102 1.
603 4058 667 4103 tom.
685 4055 732 4103 111.
756 4067 781 4114 p.
801 4050 863 4100 tto.
887 4049 924 4100 cl.
941 4049 1000 4099 Etlr.
1018 4050 1111 4112 Magn.
1129 4050 1151 4097 1.
1170 4046 1197 4098 l.

168 4149 236 4198 Eud.
255 4149 275 4198 1.
294 4148 321 4199 7.

117 4239 151 4308 3)
168 4240 292 4293 dontius
308 4241 375 4291 luem
393 4241 517 4292 declarat
533 4240 605 4304 quod
622 4235 741 4301 μέθοδος.
759 4235 794 4286 cl.
813 4238 909 4287 Mutet.
928 4236 947 4286 1.
967 4248 990 4286 c.
1009 4249 1034 4296 p.
1055 4233 1119 4283 tao.
