2730 4816
574 400 781 465 -ll-

113 607 283 653 reversum
310 589 354 655 ad
378 589 491 654 eadem
521 608 618 673 esse,
649 587 792 674 quae‘iu
823 588 1000 670 Republica
1026 592 1216 672 protulisset

115 694 345 767 Gammuuiane
367 697 610 775 enimliberum,
632 715 781 778 uxorum,
802 715 908 760 rerum
923 696 1059 761 emnium
1074 698 1214 779 sublata,

112 804 208 884 mane
231 804 366 869 easdem
388 806 523 868 instituit
544 805 899 896 eiviunrrdiseipliuam3
935 805 995 869 nisi
1021 805 1112 887 'quod
1140 825 1215 868 mu-

112 913 242 977 lieribus
276 914 411 995 syssilia
443 933 520 977 esse
539 915 666 995 ‚iussim
698 916 883 996 civiumque
914 914 1004 975 auxit
1035 933 1214 997 numerum,

112 1032 246 1103 quarum
269 1029 438 1103 utrumque
460 1022 586 1103 probari
608 1020 699 1084 baud-
715 1025 827 1109 possit,
875 1021 959 1097 Aliis
980 1020 1052 1084 dein
1077 1022 1214 1105 quibus-

112 1128 184 1192 llam
207 1130 395 1210 vituperatis
414 1130 588 1193 rebus-*aut
597 1131 775 1212 narrentis,
795 1130 989 1195 Aristoteles
1010 1128 1050 1199 de
1073 1131 1123 1192 eis
1139 1129 1213 1193 dis-

111 1241 200 1322 aerii,
212 1241 267 1321 qui
282 1240 312 1300 iu
326 1239 469 1305 Platonis
481 1240 613 1301 eivitate
628 1239 737 1318 eopias
749 1247 871 1326 augent
884 1236 1210 1318 areasqued'tvitlunt.

111 1349 226 1410 'l'ntm
247 1356 354 1410 antem
376 1348 519 1410 civitatis
540 1345 821 1413 euuiermatlouem
843 1346 969 1409 Platorii
991 1346 1113 1428 plaeuit
1133 1365 1212 1412 esse

110 1468 171 1515 nee
190 1440 380 1536 ὀλιγαρχίαν
407 1469 469 1514 nee
490 1444 730 1549 νδημοκρατίαι.
782 1446 950 1514 illiusmodi
976 1453 1212 1545 statumeqpotl

103 1560 235 1640 pulavit
264 1560 369 1641 magis
387 1576 594 1625 eomnuuem
613 1576 697 1622 ease
718 1568 750 1621 et
771 1561 956 1642 vulgarem,
986 1578 1048 1623 nnn
1070 1564 1209 1629 erravit:

109 1677 144 1731 at
170 1665 257 1749 quud
277 1687 351 1731 eum
364 1686 531 1750 superare
557 1667 677 1733 nullum
707 1666 798 1730 duxit
825 1667 886 1729 uisi
912 1670 1064 1751 primum,
1088 1687 1108 1731 a
1130 1652 1210 1734 vern

109 1775 218 1840 abluit.
261 1777 346 1838 Nam
374 1766 541 1855 praestant
565 1794 609 1839 ea
635 1774 933 1856 rerumpublicarum
960 1795 1098 1859 genera,
1118 1796 1211 1859 ‚quae

108 1905 151 1949 ex
170 1887 312 1968 pluribus
330 1889 471 1951 ebullata
490 1886 532 1950 ad
547 1891 733 1970 uptlmatum
747 1888 910 1968 imperium
923 1875 1206 1974 (ἀριστοκρατίαι)

108 1993 239 2074 propius
259 1991 428 2057 aeeedunt
482 1995 642 2073 Quamvis
669 2004 777 2056 autem
808 1994 899 2057 Plato
929 1996 1094 2087 civitatem
1116 2014 1208 2060 suam

108 2120 150 2163 ex
163 2093 367 2186 δημοκρατίᾳ
380 2111 558 2193 temperare
574 2102 676 2164 veluit
695 2111 728 2167 et
747 2122 789 2164 ex
810 2103 989 2184 tyrannide,
1006 2105 1081 2166 nibil
1101 2113 1208 2171 tamen

107 2208 141 2271 in
159 2226 206 2272 en
220 2217 272 2270 eal
291 2194 462 2288 plaudatis
473 2207 632 2290 (regale),
647 2208 705 2271 sed
718 2196 972 2293 dimnpxtauiaut
983 2201 1206 2298 δημοκρατικά

106 2318 221 2378 nmnla
250 2316 363 2403 Neque
385 2325 492 2379 tamen
514 2315 596 2377 haee
617 2317 825 2398 aequabiliter
847 2321 928 2403 iuter
947 2337 985 2381 se
1007 2323 1122 2403 mixta,
1142 2322 1203 2386 sed

105 2421 147 2487 ad
166 2411 354 2505 ὀλιγαρχίαν
374 2422 553 2504 respublica
580 2422 726 2501 inclinat,
756 2422 789 2487 id
817 2424 902 2505 quod
926 2427 1061 2508 intelligi
1091 2447 1133 2489 ex
1161 2447 1202 2491 ea

105 2537 226 2598 ratione
241 2542 361 2617 potest,
381 2552 442 2619 qua
458 2534 663 2623 magistratus
678 2523 870 2620 (ἄρχοιτας)
883 2541 994 2620 creari,
1016 2543 1204 2604 eonsilium·
1261 2534 1264 2539 ’

105 2661 166 2724 que
187 2627 340 2726 (βουλήν)
362 2643 437 2724 ellgi
458 2642 555 2706 iussit
578 2643 666 2736 [lfol.
688 2645 729 2707 ll.
749 2628 825 2721 li).¹
909 2648 913 2655 '

43 2780 46 2787 ·
181 2752 272 2812 Haec
294 2752 363 2815 lere
383 2760 458 2812 suut
480 2751 596 2831 omnia,
620 2768 701 2832 quae
722 2750 763 2814 de
782 2756 832 2817 eis
854 2773 935 2837 quas
957 2754 1093 2820 fluxerat
1109 2759 1199 2823 Plato

107 2858 271 2920 civitatum
304 2859 412 2921 inrmis
427 2861 619 2923 Aristoteles
631 2860 817 2942 disputavit.
844 2864 944 2946 Atqui
954 2864 1038 2947 quot
1053 2866 1200 2948 sibipro·
1325 2899 1328 2906 ·

105 2966 221 3046 posuit,
240 2963 272 3027 id
295 2974 383 3027 nerle
403 2976 578 3030 asweutua
597 2976 657 3031 est
701 2969 788 3047 Nam
807 2979 938 3052 praeter
959 2973 1108 3036 civitates
1124 2976 1201 3037 Pla-

103 3072 231 3135 tnainas
254 3073 307 3156 qui
329 3073 423 3136 aliam
445 3084 614 3156 quaereret
633 3076 797 3156 eptimam,
818 3097 890 3140 eum
913 3098 975 3141 nou
994 3097 1071 3141 esse
1091 3080 1202 3163 suphi-

102 3191 185 3253 stam
208 3182 301 3263 plane
317 3181 463 3272 edaemtt
481 3181 679 3264 signilleavit
697 3192 817 3265 autem,
833 3183 907 3265 quid
928 3195 1016 3249 reete
1032 3196 1066 3250 et
1083 3191 1201 3253 utiliter

102 3291 132 3351 iu
153 3290 271 3369 optima
292 3287 456 3371 republica
477 3288 704 3350 institueretur.
735 3288 886 3354 Remotis
908 3292 990 3355 enim
1012 3273 1198 3375 perniciosis

101 3393 227 3476 legibus
240 3380 472 3478 institutisque,
483 3412 568 3479 quae
583 3393 665 3456 buna
679 3402 757 3458 sunt
768 3403 801 3458 st
813 3388 967 3475 salutaria
980 3397 1196 3482 dispiciuntur.

507 3619 860 3687 .ΙΙΙ..,

100 3746 147 3798 lle
164 3744 338 3810 elrllale,
355 3756 455 3807 qna·
472 3745 720 3812 erengllarlt
746 3747 901 3799 Phaleaa
919 3746 1195 3802 chaleenortur.

587 3921 616 3990 t·
632 3900 690 3982 is.

182 4046 225 4110 Ut
252 4057 345 4110 antea
374 4047 568 4112 Aristotelea
601 4051 740 4133 inprimis
769 4053 810 4117 de
835 4054 1019 4138 mulierum,
1052 4059 1194 4139 liberum,

96 4152 248 4215 bunnrum
268 4148 489 4237 commuuione
509 4157 684 4236 quaesiuit:
706 4161 751 4222 ila
771 4159 834 4223 bon
850 4160 920 4225 leen
942 4160 973 4224 id
995 4165 1192 4246 potissimum

96 4260 181 4342 agit,
215 4269 250 4323 ut
279 4262 371 4344 leges
397 4261 438 4326 de
466 4280 501 4349 re
528 4265 675 4340 familiari
696 4269 805 4351 quanti
825 4270 943 4337 sintin
964 4274 1097 4340 civitate
1114 4294 1190 4338 mn·
