<?xml version="1.0" encoding="UTF-8"?>
<!DOCTYPE html PUBLIC "-//W3C//DTD XHTML 1.0 Transitional//EN"
    "http://www.w3.org/TR/xhtml1/DTD/xhtml1-transitional.dtd">
<html xmlns="http://www.w3.org/1999/xhtml" xml:lang="en" lang="en">
 <head>
  <title>
</title>
<meta http-equiv="Content-Type" content="text/html;charset=utf-8" />
  <meta name='ocr-system' content='tesseract 3.04.00' />
  <meta name='ocr-capabilities' content='ocr_page ocr_carea ocr_par ocr_line ocrx_word'/>
</head>
<body>
  <div class='ocr_page' id='page_1' title='image "./dearistotelispo00nickgoog_0133.png"; bbox 0 0 2730 4816; ppageno 0'>
   <div class='ocr_carea' id='block_1_1' title="bbox 573 429 800 493">
    <p class='ocr_par' dir='ltr' id='par_1_1' title="bbox 573 429 800 493">
     <span class='ocr_line' id='line_1_1' title="bbox 573 429 800 493; baseline -0.004 0"><span class='ocrx_word' id='word_1_1' title='bbox 573 429 800 493; x_wconf 79' lang='lat' dir='ltr'><strong>-tat-</strong></span> 
     </span>
    </p>
   </div>
   <div class='ocr_carea' id='block_1_2' title="bbox 68 595 1237 2967">
    <p class='ocr_par' dir='ltr' id='par_1_2' title="bbox 68 595 1236 1338">
     <span class='ocr_line' id='line_1_2' title="bbox 136 595 1234 695; baseline -0.002 -20"><span class='ocrx_word' id='word_1_2' title='bbox 136 607 299 693; x_wconf 80' lang='grc' dir='ltr'><strong><em>διαμένειν</em></strong></span> <span class='ocrx_word' id='word_1_3' title='bbox 327 599 373 695; x_wconf 78' lang='grc' dir='ltr'><em>μή</em></span> <span class='ocrx_word' id='word_1_4' title='bbox 393 610 465 684; x_wconf 87' lang='grc' dir='ltr'><strong><em>τοῖς</em></strong></span> <span class='ocrx_word' id='word_1_5' title='bbox 484 598 597 690; x_wconf 87' lang='grc' dir='ltr'><strong><em>νόμοις</em></strong></span> <span class='ocrx_word' id='word_1_6' title='bbox 618 606 672 672; x_wconf 83' lang='grc' dir='ltr'><strong><em>καὶ</em></strong></span> <span class='ocrx_word' id='word_1_7' title='bbox 694 610 766 683; x_wconf 88' lang='grc' dir='ltr'><strong><em>τοῖς</em></strong></span> <span class='ocrx_word' id='word_1_8' title='bbox 788 599 884 685; x_wconf 77' lang='grc' dir='ltr'><strong><em>ἔθεσι</em></strong></span> <span class='ocrx_word' id='word_1_9' title='bbox 907 595 945 671; x_wconf 82' lang='grc' dir='ltr'><strong><em>εὖ</em></strong></span> <span class='ocrx_word' id='word_1_10' title='bbox 970 595 1234 694; x_wconf 58' lang='lat' dir='ltr'><strong>nepesinum-ii</strong></span> 
     </span>
     <span class='ocr_line' id='line_1_3' title="bbox 133 707 1236 807; baseline -0.001 -23"><span class='ocrx_word' id='word_1_11' title='bbox 133 718 177 786; x_wconf 80' lang='grc' dir='ltr'><strong>δὲ</strong></span> <span class='ocrx_word' id='word_1_12' title='bbox 198 715 641 807; x_wconf 77' lang='grc' dir='ltr'><strong><em>φθείρεινσυμβαλνει</em></strong></span> <span class='ocrx_word' id='word_1_13' title='bbox 662 714 731 783; x_wconf 79' lang='grc' dir='ltr'><strong><em>καλ</em></strong></span> <span class='ocrx_word' id='word_1_14' title='bbox 749 707 902 804; x_wconf 77' lang='grc' dir='ltr'><strong><em>ταύτην</em></strong></span> <span class='ocrx_word' id='word_1_15' title='bbox 921 715 990 782; x_wconf 81' lang='grc' dir='ltr'><strong><em>καλ</em></strong></span> <span class='ocrx_word' id='word_1_16' title='bbox 1010 708 1086 795; x_wconf 74' lang='grc' dir='ltr'><strong><em>τοῖς</em></strong></span> <span class='ocrx_word' id='word_1_17' title='bbox 1105 709 1236 796; x_wconf 65' lang='grc' dir='ltr'><strong><em>ἄλλος</em></strong></span> 
     </span>
     <span class='ocr_line' id='line_1_4' title="bbox 132 814 1231 915; baseline 0 -23"><span class='ocrx_word' id='word_1_18' title='bbox 132 824 353 902; x_wconf 76' lang='grc' dir='ltr'><strong><em>πολιτείας</em></strong></span> <span class='ocrx_word' id='word_1_19' title='bbox 373 824 538 915; x_wconf 74' lang='grc' dir='ltr'><strong><em>εἴρηται</em></strong></span> <span class='ocrx_word' id='word_1_20' title='bbox 558 814 770 913; x_wconf 89' lang='grc' dir='ltr'><strong><em>πρότερον</em></strong></span> <span class='ocrx_word' id='word_1_21' title='bbox 791 816 839 890; x_wconf 76' lang='grc' dir='ltr'><strong>τῶ</strong></span> <span class='ocrx_word' id='word_1_22' title='bbox 862 825 1044 890; x_wconf 87' lang='grc' dir='ltr'><strong><em>πλεῖστα</em></strong></span> <span class='ocrx_word' id='word_1_23' title='bbox 1060 814 1231 906; x_wconf 78' lang='grc' dir='ltr'><strong><em>σχεδόν.</em></strong></span> 
     </span>
     <span class='ocr_line' id='line_1_5' title="bbox 135 920 1233 1027; baseline -0.001 -29"><span class='ocrx_word' id='word_1_24' title='bbox 135 923 228 1020; x_wconf 78' lang='grc' dir='ltr'><strong><em>Πρός</em></strong></span> <span class='ocrx_word' id='word_1_25' title='bbox 248 931 285 998; x_wconf 75' lang='grc' dir='ltr'><strong>δὲ</strong></span> <span class='ocrx_word' id='word_1_26' title='bbox 315 924 354 998; x_wconf 85' lang='grc' dir='ltr'>τὸ</span> <span class='ocrx_word' id='word_1_27' title='bbox 382 920 579 996; x_wconf 70' lang='grc' dir='ltr'><strong><em>καθιστάναι</em></strong></span> <span class='ocrx_word' id='word_1_28' title='bbox 604 922 725 1017; x_wconf 76' lang='grc' dir='ltr'><strong><em>ταύτην</em></strong></span> <span class='ocrx_word' id='word_1_29' title='bbox 752 922 811 1018; x_wconf 70' lang='grc' dir='ltr'><strong>τῆν</strong></span> <span class='ocrx_word' id='word_1_30' title='bbox 842 928 1062 1019; x_wconf 73' lang='grc' dir='ltr'><strong><em>δημοκρατίαν</em></strong></span> <span class='ocrx_word' id='word_1_31' title='bbox 1094 930 1149 1027; x_wconf 61' lang='lat' dir='ltr'><strong>igni</strong></span> <span class='ocrx_word' id='word_1_32' title='bbox 1176 922 1233 997; x_wconf 74' lang='lat' dir='ltr'><strong>niv</strong></span> 
     </span>
     <span class='ocr_line' id='line_1_6' title="bbox 68 1027 1233 1129; baseline -0.003 -23"><span class='ocrx_word' id='word_1_33' title='bbox 68 1029 72 1032; x_wconf 31' lang='lat'><strong>⁴</strong></span> <span class='ocrx_word' id='word_1_34' title='bbox 132 1040 233 1129; x_wconf 80' lang='grc' dir='ltr'><strong><em>δῆμον</em></strong></span> <span class='ocrx_word' id='word_1_35' title='bbox 249 1043 358 1106; x_wconf 81' lang='grc' dir='ltr'><strong><em>ποιεῖν</em></strong></span> <span class='ocrx_word' id='word_1_36' title='bbox 379 1030 511 1125; x_wconf 77' lang='grc' dir='ltr'><strong><em>ἰσχυρῶν</em></strong></span> <span class='ocrx_word' id='word_1_37' title='bbox 530 1027 689 1103; x_wconf 81' lang='grc' dir='ltr'><strong><em>εἶῶθασιν</em></strong></span> <span class='ocrx_word' id='word_1_38' title='bbox 711 1033 744 1102; x_wconf 82' lang='grc' dir='ltr'><strong>οἱ</strong></span> <span class='ocrx_word' id='word_1_39' title='bbox 763 1036 970 1125; x_wconf 85' lang='grc' dir='ltr'><strong><em>προεστῶτες</em></strong></span> <span class='ocrx_word' id='word_1_40' title='bbox 990 1037 1038 1123; x_wconf 79' lang='grc' dir='ltr'><strong>τῶ</strong></span> <span class='ocrx_word' id='word_1_41' title='bbox 1058 1039 1233 1127; x_wconf 81' lang='grc' dir='ltr'><strong><em>προσλαμ-</em></strong></span> 
     </span>
     <span class='ocr_line' id='line_1_7' title="bbox 134 1140 1236 1233; baseline -0.004 -17"><span class='ocrx_word' id='word_1_42' title='bbox 134 1140 245 1233; x_wconf 73' lang='grc' dir='ltr'><strong><em>βάνειν</em></strong></span> <span class='ocrx_word' id='word_1_43' title='bbox 257 1147 358 1213; x_wconf 88' lang='grc' dir='ltr'><strong><em>κ.τ.λ.</em></strong></span> <span class='ocrx_word' id='word_1_44' title='bbox 382 1150 492 1213; x_wconf 86' lang='lat' dir='ltr'><strong>Verba</strong></span> <span class='ocrx_word' id='word_1_45' title='bbox 505 1150 620 1228; x_wconf 84' lang='lat' dir='ltr'><strong>quibus</strong></span> <span class='ocrx_word' id='word_1_46' title='bbox 631 1148 707 1211; x_wconf 87' lang='lat' dir='ltr'><strong>iiber</strong></span> <span class='ocrx_word' id='word_1_47' title='bbox 717 1149 756 1210; x_wconf 90' lang='lat' dir='ltr'><strong>V.</strong></span> <span class='ocrx_word' id='word_1_48' title='bbox 771 1150 886 1212; x_wconf 81' lang='lat' dir='ltr'><strong>citatur</strong></span> <span class='ocrx_word' id='word_1_49' title='bbox 903 1166 1143 1230; x_wconf 79' lang='lat' dir='ltr'><strong>supervacanea</strong></span> <span class='ocrx_word' id='word_1_50' title='bbox 1157 1166 1236 1215; x_wconf 85' lang='lat' dir='ltr'><strong>assa</strong></span> 
     </span>
     <span class='ocr_line' id='line_1_8' title="bbox 136 1253 1214 1338; baseline 0.001 -18"><span class='ocrx_word' id='word_1_51' title='bbox 136 1259 232 1322; x_wconf 83' lang='lat' dir='ltr'><strong>iaeiie</strong></span> <span class='ocrx_word' id='word_1_52' title='bbox 252 1258 382 1338; x_wconf 81' lang='lat' dir='ltr'><strong>sentiet,</strong></span> <span class='ocrx_word' id='word_1_53' title='bbox 404 1255 457 1337; x_wconf 91' lang='lat' dir='ltr'><strong>qui</strong></span> <span class='ocrx_word' id='word_1_54' title='bbox 479 1254 706 1317; x_wconf 84' lang='lat' dir='ltr'><strong>sententiarum</strong></span> <span class='ocrx_word' id='word_1_55' title='bbox 728 1253 981 1317; x_wconf 73' lang='lat' dir='ltr'><strong>coniunctionem</strong></span> <span class='ocrx_word' id='word_1_56' title='bbox 1003 1253 1214 1336; x_wconf 85' lang='lat' dir='ltr'><strong>perpenderit.</strong></span> 
     </span>
    </p>

    <p class='ocr_par' dir='ltr' id='par_1_3' title="bbox 130 1351 1237 2098">
     <span class='ocr_line' id='line_1_9' title="bbox 214 1351 1230 1448; baseline 0.001 -20"><span class='ocrx_word' id='word_1_57' title='bbox 214 1367 402 1428; x_wconf 75' lang='lat' dir='ltr'><strong>Postremus</strong></span> <span class='ocrx_word' id='word_1_58' title='bbox 423 1366 495 1428; x_wconf 83' lang='lat' dir='ltr'><strong>irio:</strong></span> <span class='ocrx_word' id='word_1_59' title='bbox 528 1364 596 1429; x_wconf 77' lang='lat' dir='ltr'><strong>Pet</strong></span> <span class='ocrx_word' id='word_1_60' title='bbox 618 1364 674 1425; x_wconf 84' lang='lat' dir='ltr'><strong>Vi.</strong></span> <span class='ocrx_word' id='word_1_61' title='bbox 696 1365 725 1427; x_wconf 84' lang='lat'><strong>5.</strong></span> <span class='ocrx_word' id='word_1_62' title='bbox 768 1351 831 1428; x_wconf 83' lang='grc' dir='ltr'><strong>Διὸ</strong></span> <span class='ocrx_word' id='word_1_63' title='bbox 852 1361 917 1445; x_wconf 80' lang='grc' dir='ltr'><strong><em>δεῖ,</em></strong></span> <span class='ocrx_word' id='word_1_64' title='bbox 947 1353 1128 1448; x_wconf 86' lang='grc' dir='ltr'><strong><em>περλῶν</em></strong></span> <span class='ocrx_word' id='word_1_65' title='bbox 1156 1385 1230 1429; x_wconf 87' lang='grc' dir='ltr'><strong><em>τε·</em></strong></span> 
     </span>
     <span class='ocr_line' id='line_1_10' title="bbox 133 1456 1237 1563; baseline 0.005 -29"><span class='ocrx_word' id='word_1_66' title='bbox 133 1462 347 1559; x_wconf 80' lang='grc' dir='ltr'><strong><em>θεῶρηται</em></strong></span> <span class='ocrx_word' id='word_1_67' title='bbox 367 1459 589 1563; x_wconf 82' lang='grc' dir='ltr'><strong><em>πρότερον,</em></strong></span> <span class='ocrx_word' id='word_1_68' title='bbox 608 1467 725 1545; x_wconf 82' lang='grc' dir='ltr'><strong><em>τίνες</em></strong></span> <span class='ocrx_word' id='word_1_69' title='bbox 741 1456 960 1558; x_wconf 73' lang='grc' dir='ltr'><strong><em>σωτηρίαι</em></strong></span> <span class='ocrx_word' id='word_1_70' title='bbox 980 1468 1048 1537; x_wconf 85' lang='grc' dir='ltr'><strong><em>καὶ</em></strong></span> <span class='ocrx_word' id='word_1_71' title='bbox 1069 1471 1237 1560; x_wconf 79' lang='grc' dir='ltr'><strong><em>φθοραὶ.</em></strong></span> 
     </span>
     <span class='ocr_line' id='line_1_11' title="bbox 130 1566 1232 1669; baseline 0.002 -27"><span class='ocrx_word' id='word_1_72' title='bbox 130 1577 208 1644; x_wconf 90' lang='grc' dir='ltr'><strong>τῶν</strong></span> <span class='ocrx_word' id='word_1_73' title='bbox 231 1577 469 1661; x_wconf 77' lang='grc' dir='ltr'><strong><em>πολιτειῶν,</em></strong></span> <span class='ocrx_word' id='word_1_74' title='bbox 490 1575 534 1644; x_wconf 82' lang='grc' dir='ltr'><strong>ἐκ</strong></span> <span class='ocrx_word' id='word_1_75' title='bbox 551 1566 702 1642; x_wconf 80' lang='grc' dir='ltr'><strong><em>τούτων</em></strong></span> <span class='ocrx_word' id='word_1_76' title='bbox 715 1576 901 1666; x_wconf 77' lang='grc' dir='ltr'><strong><em>πειρᾶσθαι</em></strong></span> <span class='ocrx_word' id='word_1_77' title='bbox 912 1571 1163 1660; x_wconf 73' lang='grc' dir='ltr'><strong><em>κατασκευάζειν</em></strong></span> <span class='ocrx_word' id='word_1_78' title='bbox 1173 1571 1232 1669; x_wconf 65' lang='grc' dir='ltr'><strong>τὴν</strong></span> 
     </span>
     <span class='ocr_line' id='line_1_12' title="bbox 133 1675 1232 1774; baseline 0.003 -24"><span class='ocrx_word' id='word_1_79' title='bbox 133 1676 327 1774; x_wconf 74' lang='grc' dir='ltr'><strong><em>ἀσφάλειαν,</em></strong></span> <span class='ocrx_word' id='word_1_80' title='bbox 346 1677 602 1771; x_wconf 74' lang='grc' dir='ltr'><strong><em>εὐλαβουμένους</em></strong></span> <span class='ocrx_word' id='word_1_81' title='bbox 620 1683 681 1767; x_wconf 84' lang='grc' dir='ltr'><strong>μὲν</strong></span> <span class='ocrx_word' id='word_1_82' title='bbox 700 1675 742 1749; x_wconf 78' lang='grc' dir='ltr'><strong>τοὶ</strong></span> <span class='ocrx_word' id='word_1_83' title='bbox 761 1683 956 1773; x_wconf 75' lang='grc' dir='ltr'><strong><em>φθείροντα,</em></strong></span> <span class='ocrx_word' id='word_1_84' title='bbox 978 1685 1174 1770; x_wconf 72' lang='grc' dir='ltr'><strong><em>τιθεμένους</em></strong></span> <span class='ocrx_word' id='word_1_85' title='bbox 1193 1685 1232 1754; x_wconf 72' lang='grc' dir='ltr'><strong>δὲ</strong></span> 
     </span>
     <span class='ocr_line' id='line_1_13' title="bbox 131 1781 1231 1883; baseline 0 -25"><span class='ocrx_word' id='word_1_86' title='bbox 131 1784 298 1872; x_wconf 67' lang='grc' dir='ltr'><strong><em>τοιούτους</em></strong></span> <span class='ocrx_word' id='word_1_87' title='bbox 317 1787 435 1878; x_wconf 82' lang='grc' dir='ltr'><strong><em>νόμους</em></strong></span> <span class='ocrx_word' id='word_1_88' title='bbox 461 1791 515 1858; x_wconf 81' lang='grc' dir='ltr'><strong><em>καὶ</em></strong></span> <span class='ocrx_word' id='word_1_89' title='bbox 539 1783 618 1869; x_wconf 80' lang='grc' dir='ltr'><strong>τούς</strong></span> <span class='ocrx_word' id='word_1_90' title='bbox 648 1781 816 1880; x_wconf 68' lang='grc' dir='ltr'><strong><em>ἀγράφους</em></strong></span> <span class='ocrx_word' id='word_1_91' title='bbox 832 1815 864 1856; x_wconf 81' lang='grc' dir='ltr'><strong>ιι.</strong></span> <span class='ocrx_word' id='word_1_92' title='bbox 886 1792 965 1857; x_wconf 65' lang='grc' dir='ltr'><strong><em>αλ</em></strong></span> <span class='ocrx_word' id='word_1_93' title='bbox 1014 1796 1125 1861; x_wconf 89' lang='lat' dir='ltr'><strong>Verba</strong></span> <span class='ocrx_word' id='word_1_94' title='bbox 1151 1789 1231 1883; x_wconf 83' lang='grc' dir='ltr'><strong><em>περλ</em></strong></span> 
     </span>
     <span class='ocr_line' id='line_1_14' title="bbox 132 1888 1234 1988; baseline 0.001 -22"><span class='ocrx_word' id='word_1_95' title='bbox 132 1890 176 1966; x_wconf 86' lang='grc' dir='ltr'><strong>ῶν</strong></span> <span class='ocrx_word' id='word_1_96' title='bbox 196 1890 403 1988; x_wconf 70' lang='grc' dir='ltr'><strong><em>τεθεώρηται</em></strong></span> <span class='ocrx_word' id='word_1_97' title='bbox 425 1888 585 1987; x_wconf 82' lang='grc' dir='ltr'><strong><em>πρότερον</em></strong></span> <span class='ocrx_word' id='word_1_98' title='bbox 595 1922 657 1965; x_wconf 86' lang='lat' dir='ltr'><strong>non</strong></span> <span class='ocrx_word' id='word_1_99' title='bbox 670 1920 747 1964; x_wconf 87' lang='lat' dir='ltr'><strong>esse</strong></span> <span class='ocrx_word' id='word_1_100' title='bbox 759 1901 1016 1978; x_wconf 81' lang='lat' dir='ltr'><strong>irtdnoenda‚sed</strong></span> <span class='ocrx_word' id='word_1_101' title='bbox 1040 1902 1234 1968; x_wconf 88' lang='lat' dir='ltr'><strong>immutanda</strong></span> 
     </span>
     <span class='ocr_line' id='line_1_15' title="bbox 132 2000 1232 2098; baseline 0 -24"><span class='ocrx_word' id='word_1_102' title='bbox 132 2014 162 2075; x_wconf 90' lang='lat' dir='ltr'><strong>in</strong></span> <span class='ocrx_word' id='word_1_103' title='bbox 182 2007 262 2098; x_wconf 80' lang='grc' dir='ltr'><strong><em>περὶ</em></strong></span> <span class='ocrx_word' id='word_1_104' title='bbox 282 2000 326 2075; x_wconf 90' lang='grc' dir='ltr'><strong>ῶν</strong></span> <span class='ocrx_word' id='word_1_105' title='bbox 348 2001 564 2098; x_wconf 77' lang='grc' dir='ltr'><strong><em>θεαρήοομεν</em></strong></span> <span class='ocrx_word' id='word_1_106' title='bbox 580 2000 717 2097; x_wconf 77' lang='grc' dir='ltr'><strong><em>ὕστερον</em></strong></span> <span class='ocrx_word' id='word_1_107' title='bbox 738 2019 827 2072; x_wconf 84' lang='lat' dir='ltr'><strong>route</strong></span> <span class='ocrx_word' id='word_1_108' title='bbox 849 2014 1014 2075; x_wconf 76' lang='lat' dir='ltr'><strong>annotavit</strong></span> <span class='ocrx_word' id='word_1_109' title='bbox 1027 2012 1232 2097; x_wconf 86' lang='lat' dir='ltr'><strong>Spengelius.</strong></span> 
     </span>
    </p>

    <p class='ocr_par' dir='ltr' id='par_1_4' title="bbox 128 2118 1234 2967">
     <span class='ocr_line' id='line_1_16' title="bbox 217 2118 1231 2204; baseline 0.005 -21"><span class='ocrx_word' id='word_1_110' title='bbox 217 2122 377 2200; x_wconf 74' lang='lat' dir='ltr'><strong>Quattuor</strong></span> <span class='ocrx_word' id='word_1_111' title='bbox 407 2130 512 2183; x_wconf 89' lang='lat' dir='ltr'><strong>autem</strong></span> <span class='ocrx_word' id='word_1_112' title='bbox 536 2119 625 2181; x_wconf 88' lang='lat' dir='ltr'><strong>ineos</strong></span> <span class='ocrx_word' id='word_1_113' title='bbox 651 2122 731 2181; x_wconf 89' lang='lat' dir='ltr'><strong>istos</strong></span> <span class='ocrx_word' id='word_1_114' title='bbox 757 2118 788 2181; x_wconf 91' lang='lat' dir='ltr'><strong>id</strong></span> <span class='ocrx_word' id='word_1_115' title='bbox 810 2138 934 2202; x_wconf 87' lang='lat' dir='ltr'><strong>quoqne</strong></span> <span class='ocrx_word' id='word_1_116' title='bbox 960 2122 990 2182; x_wconf 92' lang='lat' dir='ltr'><strong>io</strong></span> <span class='ocrx_word' id='word_1_117' title='bbox 1018 2124 1231 2204; x_wconf 76' lang='lat' dir='ltr'><strong>suspicionem</strong></span> 
     </span>
     <span class='ocr_line' id='line_1_17' title="bbox 135 2221 1229 2312; baseline 0.005 -21"><span class='ocrx_word' id='word_1_118' title='bbox 135 2241 253 2310; x_wconf 84' lang='lat' dir='ltr'><strong>vocat,</strong></span> <span class='ocrx_word' id='word_1_119' title='bbox 291 2227 373 2312; x_wconf 87' lang='lat' dir='ltr'><strong>qnod</strong></span> <span class='ocrx_word' id='word_1_120' title='bbox 401 2247 441 2289; x_wconf 88' lang='lat' dir='ltr'><strong>ne</strong></span> <span class='ocrx_word' id='word_1_121' title='bbox 473 2246 535 2288; x_wconf 89' lang='lat' dir='ltr'><strong>uno</strong></span> <span class='ocrx_word' id='word_1_122' title='bbox 565 2226 690 2304; x_wconf 85' lang='lat' dir='ltr'><strong>qnidam</strong></span> <span class='ocrx_word' id='word_1_123' title='bbox 719 2221 783 2288; x_wconf 91' lang='grc' dir='ltr'><strong>τῶν</strong></span> <span class='ocrx_word' id='word_1_124' title='bbox 804 2225 994 2308; x_wconf 77' lang='grc' dir='ltr'><strong><em>μεταβολῶν</em></strong></span> <span class='ocrx_word' id='word_1_125' title='bbox 1021 2234 1139 2295; x_wconf 88' lang='lat' dir='ltr'><strong>mentio</strong></span> <span class='ocrx_word' id='word_1_126' title='bbox 1169 2242 1229 2296; x_wconf 79' lang='lat' dir='ltr'><strong>est.</strong></span> 
     </span>
     <span class='ocr_line' id='line_1_18' title="bbox 134 2334 1228 2421; baseline 0.004 -20"><span class='ocrx_word' id='word_1_127' title='bbox 134 2339 283 2421; x_wconf 86' lang='lat' dir='ltr'><strong>Namque</strong></span> <span class='ocrx_word' id='word_1_128' title='bbox 305 2337 499 2398; x_wconf 84' lang='lat' dir='ltr'><strong>Aristoteles</strong></span> <span class='ocrx_word' id='word_1_129' title='bbox 532 2335 602 2416; x_wconf 90' lang='lat' dir='ltr'><strong>ipse</strong></span> <span class='ocrx_word' id='word_1_130' title='bbox 631 2335 661 2397; x_wconf 90' lang='lat' dir='ltr'><strong>io</strong></span> <span class='ocrx_word' id='word_1_131' title='bbox 684 2335 740 2397; x_wconf 85' lang='lat' dir='ltr'><strong>tv.</strong></span> <span class='ocrx_word' id='word_1_132' title='bbox 772 2334 821 2396; x_wconf 85' lang='lat'><strong>11.</strong></span> <span class='ocrx_word' id='word_1_133' title='bbox 853 2336 963 2398; x_wconf 86' lang='lat' dir='ltr'><strong>librom</strong></span> <span class='ocrx_word' id='word_1_134' title='bbox 987 2338 1029 2400; x_wconf 89' lang='lat' dir='ltr'><strong>V.</strong></span> <span class='ocrx_word' id='word_1_135' title='bbox 1062 2341 1105 2401; x_wconf 90' lang='lat' dir='ltr'><strong>ita</strong></span> <span class='ocrx_word' id='word_1_136' title='bbox 1133 2343 1228 2407; x_wconf 82' lang='lat' dir='ltr'><strong>citat:</strong></span> 
     </span>
     <span class='ocr_line' id='line_1_19' title="bbox 139 2434 1232 2535; baseline 0.001 -24"><span class='ocrx_word' id='word_1_137' title='bbox 139 2438 205 2535; x_wconf 69' lang='grc' dir='ltr'><strong>Τήν</strong></span> <span class='ocrx_word' id='word_1_138' title='bbox 231 2440 390 2510; x_wconf 80' lang='grc' dir='ltr'><strong><em>δἀἱτίαν</em></strong></span> <span class='ocrx_word' id='word_1_139' title='bbox 411 2434 546 2530; x_wconf 74' lang='grc' dir='ltr'><strong><em>ὕστερον</em></strong></span> <span class='ocrx_word' id='word_1_140' title='bbox 577 2438 610 2507; x_wconf 81' lang='grc' dir='ltr'><strong>ἐν</strong></span> <span class='ocrx_word' id='word_1_141' title='bbox 632 2443 703 2517; x_wconf 83' lang='grc' dir='ltr'><strong><em>τοῖς</em></strong></span> <span class='ocrx_word' id='word_1_142' title='bbox 729 2440 836 2530; x_wconf 89' lang='grc' dir='ltr'><strong><em>περλ</em></strong></span> <span class='ocrx_word' id='word_1_143' title='bbox 867 2435 944 2520; x_wconf 74' lang='grc' dir='ltr'><strong><em>τοῖς</em></strong></span> <span class='ocrx_word' id='word_1_144' title='bbox 972 2440 1232 2530; x_wconf 75' lang='grc' dir='ltr'><strong><em>μεταβολαὶς</em></strong></span> 
     </span>
     <span class='ocr_line' id='line_1_20' title="bbox 130 2545 1232 2640; baseline 0 -19"><span class='ocrx_word' id='word_1_145' title='bbox 130 2555 194 2621; x_wconf 89' lang='grc' dir='ltr'><strong>τῶν</strong></span> <span class='ocrx_word' id='word_1_146' title='bbox 214 2551 386 2620; x_wconf 79' lang='grc' dir='ltr'><strong><em>πολιτειῶν</em></strong></span> <span class='ocrx_word' id='word_1_147' title='bbox 401 2545 546 2640; x_wconf 72' lang='grc' dir='ltr'><strong><em>ἐροῦμεν.</em></strong></span> <span class='ocrx_word' id='word_1_148' title='bbox 569 2587 610 2599; x_wconf 91' lang='lat'><em>-</em></span> <span class='ocrx_word' id='word_1_149' title='bbox 631 2555 748 2636; x_wconf 87' lang='lat' dir='ltr'><strong>Neque</strong></span> <span class='ocrx_word' id='word_1_150' title='bbox 770 2571 849 2615; x_wconf 88' lang='lat' dir='ltr'><strong>vero</strong></span> <span class='ocrx_word' id='word_1_151' title='bbox 869 2554 952 2636; x_wconf 86' lang='lat' dir='ltr'><strong>apud</strong></span> <span class='ocrx_word' id='word_1_152' title='bbox 976 2559 1180 2620; x_wconf 79' lang='lat' dir='ltr'><strong>Aristotelem</strong></span> <span class='ocrx_word' id='word_1_153' title='bbox 1202 2560 1232 2621; x_wconf 89' lang='lat' dir='ltr'><strong>si</strong></span> 
     </span>
     <span class='ocr_line' id='line_1_21' title="bbox 128 2653 1234 2752; baseline 0.002 -24"><span class='ocrx_word' id='word_1_154' title='bbox 128 2671 274 2751; x_wconf 80' lang='lat' dir='ltr'><strong>superior</strong></span> <span class='ocrx_word' id='word_1_155' title='bbox 294 2667 407 2729; x_wconf 80' lang='lat' dir='ltr'><strong>uitetur</strong></span> <span class='ocrx_word' id='word_1_156' title='bbox 429 2663 620 2752; x_wconf 86' lang='lat' dir='ltr'><strong>disputatio,</strong></span> <span class='ocrx_word' id='word_1_157' title='bbox 652 2682 692 2725; x_wconf 91' lang='lat' dir='ltr'><strong>ea</strong></span> <span class='ocrx_word' id='word_1_158' title='bbox 731 2681 792 2744; x_wconf 82' lang='lat' dir='ltr'><strong>qno</strong></span> <span class='ocrx_word' id='word_1_159' title='bbox 814 2662 909 2725; x_wconf 87' lang='lat' dir='ltr'><strong>dere</strong></span> <span class='ocrx_word' id='word_1_160' title='bbox 930 2653 1150 2749; x_wconf 78' lang='lat' dir='ltr'><strong>sit&#39;iustituta,</strong></span> <span class='ocrx_word' id='word_1_161' title='bbox 1171 2661 1234 2730; x_wconf 86' lang='lat' dir='ltr'><strong>‹ie-</strong></span> 
     </span>
     <span class='ocr_line' id='line_1_22' title="bbox 130 2772 1233 2862; baseline 0.005 -26"><span class='ocrx_word' id='word_1_162' title='bbox 130 2775 211 2836; x_wconf 87' lang='lat' dir='ltr'><strong>tioiri</strong></span> <span class='ocrx_word' id='word_1_163' title='bbox 245 2777 337 2838; x_wconf 84' lang='lat' dir='ltr'><strong>soiet.</strong></span> <span class='ocrx_word' id='word_1_164' title='bbox 381 2773 540 2850; x_wconf 81' lang='lat' dir='ltr'><strong>Quattuor</strong></span> <span class='ocrx_word' id='word_1_165' title='bbox 573 2773 669 2857; x_wconf 77' lang='lat' dir='ltr'><strong>igitur</strong></span> <span class='ocrx_word' id='word_1_166' title='bbox 702 2772 743 2834; x_wconf 90' lang='lat' dir='ltr'><strong>iili</strong></span> <span class='ocrx_word' id='word_1_167' title='bbox 776 2774 835 2836; x_wconf 89' lang='lat' dir='ltr'><strong>ioei</strong></span> <span class='ocrx_word' id='word_1_168' title='bbox 869 2774 941 2856; x_wconf 86' lang='lat' dir='ltr'><strong>quin</strong></span> <span class='ocrx_word' id='word_1_169' title='bbox 972 2776 1034 2838; x_wconf 89' lang='lat' dir='ltr'><strong>sint</strong></span> <span class='ocrx_word' id='word_1_170' title='bbox 1064 2779 1233 2862; x_wconf 81' lang='lat' dir='ltr'><strong>suppositi,</strong></span> 
     </span>
     <span class='ocr_line' id='line_1_23' title="bbox 132 2881 1232 2967; baseline 0.005 -24"><span class='ocrx_word' id='word_1_171' title='bbox 132 2881 265 2944; x_wconf 83' lang='lat' dir='ltr'><strong>dubitari</strong></span> <span class='ocrx_word' id='word_1_172' title='bbox 276 2902 338 2944; x_wconf 91' lang='lat' dir='ltr'><strong>non</strong></span> <span class='ocrx_word' id='word_1_173' title='bbox 349 2891 466 2963; x_wconf 82' lang='lat' dir='ltr'><strong>potest.</strong></span> <span class='ocrx_word' id='word_1_174' title='bbox 493 2884 606 2967; x_wconf 83' lang='lat' dir='ltr'><strong>ltaque</strong></span> <span class='ocrx_word' id='word_1_175' title='bbox 618 2882 696 2946; x_wconf 87' lang='lat' dir='ltr'><strong>libro</strong></span> <span class='ocrx_word' id='word_1_176' title='bbox 713 2883 754 2945; x_wconf 90' lang='lat' dir='ltr'><strong>V.</strong></span> <span class='ocrx_word' id='word_1_177' title='bbox 767 2884 918 2965; x_wconf 84' lang='lat' dir='ltr'><strong>reposito,</strong></span> <span class='ocrx_word' id='word_1_178' title='bbox 933 2902 1105 2966; x_wconf 83' lang='lat' dir='ltr'><strong>pergamus</strong></span> <span class='ocrx_word' id='word_1_179' title='bbox 1123 2885 1163 2948; x_wconf 93' lang='lat' dir='ltr'><strong>ad</strong></span> <span class='ocrx_word' id='word_1_180' title='bbox 1173 2887 1232 2950; x_wconf 85' lang='lat' dir='ltr'><strong>vt.</strong></span> 
     </span>
    </p>
   </div>
   <div class='ocr_carea' id='block_1_3' title="bbox 626 3124 729 3195">
    <p class='ocr_par' dir='ltr' id='par_1_5' title="bbox 626 3124 729 3195">
     <span class='ocr_line' id='line_1_24' title="bbox 626 3124 729 3195; baseline 0 -11"><span class='ocrx_word' id='word_1_181' title='bbox 626 3128 655 3195; x_wconf 83' lang='lat'><strong>§.</strong></span> <span class='ocrx_word' id='word_1_182' title='bbox 680 3124 729 3185; x_wconf 83' lang='lat'><strong>65.</strong></span> 
     </span>
    </p>
   </div>
   <div class='ocr_carea' id='block_1_4' title="bbox 260 3269 1097 3341">
    <p class='ocr_par' dir='ltr' id='par_1_6' title="bbox 260 3269 1097 3341">
     <span class='ocr_line' id='line_1_25' title="bbox 260 3269 1097 3341; baseline -0.001 -18"><span class='ocrx_word' id='word_1_183' title='bbox 260 3274 299 3323; x_wconf 85' lang='lat' dir='ltr'><strong>De</strong></span> <span class='ocrx_word' id='word_1_184' title='bbox 316 3271 511 3323; x_wconf 75' lang='lat' dir='ltr'><strong>constituendis</strong></span> <span class='ocrx_word' id='word_1_185' title='bbox 533 3269 705 3339; x_wconf 75' lang='grc' dir='ltr'><strong><em>δημοκρατίαις</em></strong></span> <span class='ocrx_word' id='word_1_186' title='bbox 734 3276 761 3322; x_wconf 81' lang='lat' dir='ltr'><strong>et</strong></span> <span class='ocrx_word' id='word_1_187' title='bbox 777 3274 927 3341; x_wconf 75' lang='grc' dir='ltr'><strong><em>ολιγορχίοις</em></strong></span> <span class='ocrx_word' id='word_1_188' title='bbox 944 3273 1014 3331; x_wconf 82' lang='lat' dir='ltr'><strong>(Pul.</strong></span> <span class='ocrx_word' id='word_1_189' title='bbox 1026 3275 1097 3339; x_wconf 67' lang='lat' dir='ltr'><strong>Vh).</strong></span> 
     </span>
    </p>
   </div>
   <div class='ocr_carea' id='block_1_5' title="bbox 127 3412 1234 4144">
    <p class='ocr_par' dir='ltr' id='par_1_7' title="bbox 127 3412 1234 4144">
     <span class='ocr_line' id='line_1_26' title="bbox 193 3412 1234 3498; baseline 0.005 -23"><span class='ocrx_word' id='word_1_190' title='bbox 193 3413 385 3476; x_wconf 82' lang='lat' dir='ltr'><strong>Aristoteles</strong></span> <span class='ocrx_word' id='word_1_191' title='bbox 392 3422 559 3496; x_wconf 87' lang='lat' dir='ltr'><strong>postquam</strong></span> <span class='ocrx_word' id='word_1_192' title='bbox 573 3413 667 3475; x_wconf 86' lang='lat' dir='ltr'><strong>huius</strong></span> <span class='ocrx_word' id='word_1_193' title='bbox 682 3412 904 3494; x_wconf 86' lang='lat' dir='ltr'><strong>disputationis</strong></span> <span class='ocrx_word' id='word_1_194' title='bbox 914 3414 1075 3477; x_wconf 85' lang='lat' dir='ltr'><strong>exordium</strong></span> <span class='ocrx_word' id='word_1_195' title='bbox 1087 3416 1171 3498; x_wconf 85' lang='lat' dir='ltr'><strong>qnod</strong></span> <span class='ocrx_word' id='word_1_196' title='bbox 1182 3425 1234 3480; x_wconf 87' lang='lat' dir='ltr'><strong>est</strong></span> 
     </span>
     <span class='ocr_line' id='line_1_27' title="bbox 128 3522 1230 3606; baseline 0.005 -22"><span class='ocrx_word' id='word_1_197' title='bbox 128 3525 159 3584; x_wconf 93' lang='lat' dir='ltr'><strong>in</strong></span> <span class='ocrx_word' id='word_1_198' title='bbox 181 3522 282 3583; x_wconf 85' lang='lat' dir='ltr'><strong>tribus</strong></span> <span class='ocrx_word' id='word_1_199' title='bbox 302 3522 370 3583; x_wconf 87' lang='lat' dir='ltr'><strong>iibri</strong></span> <span class='ocrx_word' id='word_1_200' title='bbox 391 3524 448 3586; x_wconf 86' lang='lat' dir='ltr'><strong>tv.</strong></span> <span class='ocrx_word' id='word_1_201' title='bbox 467 3522 627 3605; x_wconf 76' lang='lat' dir='ltr'><strong>capitibus</strong></span> <span class='ocrx_word' id='word_1_202' title='bbox 648 3522 848 3604; x_wconf 81' lang='lat' dir='ltr'><strong>conseripsit,</strong></span> <span class='ocrx_word' id='word_1_203' title='bbox 871 3541 941 3585; x_wconf 85' lang='lat' dir='ltr'><strong>eam</strong></span> <span class='ocrx_word' id='word_1_204' title='bbox 955 3526 1056 3605; x_wconf 88' lang='lat' dir='ltr'><strong>ipsam</strong></span> <span class='ocrx_word' id='word_1_205' title='bbox 1073 3525 1230 3606; x_wconf 82' lang='lat' dir='ltr'><strong>quomodo</strong></span> 
     </span>
     <span class='ocr_line' id='line_1_28' title="bbox 128 3628 1231 3714; baseline 0.005 -22"><span class='ocrx_word' id='word_1_206' title='bbox 128 3628 293 3693; x_wconf 88' lang='lat' dir='ltr'><strong>instituere</strong></span> <span class='ocrx_word' id='word_1_207' title='bbox 315 3631 404 3708; x_wconf 86' lang='lat' dir='ltr'><strong>vetit,</strong></span> <span class='ocrx_word' id='word_1_208' title='bbox 415 3647 486 3710; x_wconf 87' lang='lat' dir='ltr'><strong>oap.</strong></span> <span class='ocrx_word' id='word_1_209' title='bbox 496 3633 616 3712; x_wconf 86' lang='lat' dir='ltr'><strong>l.perte</strong></span> <span class='ocrx_word' id='word_1_210' title='bbox 625 3631 728 3712; x_wconf 91' lang='lat' dir='ltr'><strong>priore</strong></span> <span class='ocrx_word' id='word_1_211' title='bbox 738 3630 952 3711; x_wconf 85' lang='lat' dir='ltr'><strong>aperit3ethis</strong></span> <span class='ocrx_word' id='word_1_212' title='bbox 964 3631 1091 3714; x_wconf 86' lang='lat' dir='ltr'><strong>quidem</strong></span> <span class='ocrx_word' id='word_1_213' title='bbox 1106 3634 1231 3699; x_wconf 72' lang='lat' dir='ltr'><strong>verbist</strong></span> 
     </span>
     <span class='ocr_line' id='line_1_29' title="bbox 127 3723 1232 3820; baseline 0.002 -20"><span class='ocrx_word' id='word_1_214' title='bbox 127 3725 216 3800; x_wconf 79' lang='grc' dir='ltr'><strong><em>Ἐπεὶ</em></strong></span> <span class='ocrx_word' id='word_1_215' title='bbox 228 3730 265 3799; x_wconf 79' lang='grc' dir='ltr'><strong>δὲ</strong></span> <span class='ocrx_word' id='word_1_216' title='bbox 277 3723 449 3820; x_wconf 75' lang='grc' dir='ltr'><strong><em>τετύχηκεν</em></strong></span> <span class='ocrx_word' id='word_1_217' title='bbox 460 3731 533 3820; x_wconf 73' lang='grc' dir='ltr'><strong><em>εἴδη</em></strong></span> <span class='ocrx_word' id='word_1_218' title='bbox 545 3730 651 3798; x_wconf 71' lang='grc' dir='ltr'><strong><em>πλείω</em></strong></span> <span class='ocrx_word' id='word_1_219' title='bbox 663 3728 885 3820; x_wconf 74' lang='grc' dir='ltr'><strong><em>δημοκρατίας</em></strong></span> <span class='ocrx_word' id='word_1_220' title='bbox 895 3725 973 3798; x_wconf 79' lang='grc' dir='ltr'><strong><em>ὄντα</em></strong></span> <span class='ocrx_word' id='word_1_221' title='bbox 984 3733 1041 3801; x_wconf 84' lang='grc' dir='ltr'><strong><em>καλ</em></strong></span> <span class='ocrx_word' id='word_1_222' title='bbox 1051 3731 1115 3798; x_wconf 92' lang='grc' dir='ltr'><strong>τῶν</strong></span> <span class='ocrx_word' id='word_1_223' title='bbox 1124 3727 1232 3802; x_wconf 68' lang='grc' dir='ltr'><strong><em>ἄλλαν</em></strong></span> 
     </span>
     <span class='ocr_line' id='line_1_30' title="bbox 129 3824 1232 3927; baseline 0.005 -22"><span class='ocrx_word' id='word_1_224' title='bbox 129 3833 254 3923; x_wconf 73' lang='grc' dir='ltr'><strong><em>ὁμοίως</em></strong></span> <span class='ocrx_word' id='word_1_225' title='bbox 277 3837 472 3918; x_wconf 79' lang='grc' dir='ltr'><strong><em>πολιτειῶν,</em></strong></span> <span class='ocrx_word' id='word_1_226' title='bbox 490 3830 560 3922; x_wconf 71' lang='grc' dir='ltr'><strong><em>ἅμα</em></strong></span> <span class='ocrx_word' id='word_1_227' title='bbox 574 3848 600 3916; x_wconf 90' lang='lat'><strong>¹)</strong></span> <span class='ocrx_word' id='word_1_228' title='bbox 619 3863 657 3906; x_wconf 89' lang='grc' dir='ltr'><strong><em>τε</em></strong></span> <span class='ocrx_word' id='word_1_229' title='bbox 679 3838 759 3927; x_wconf 89' lang='grc' dir='ltr'><strong><em>περλ</em></strong></span> <span class='ocrx_word' id='word_1_230' title='bbox 781 3834 911 3907; x_wconf 79' lang='grc' dir='ltr'><strong><em>ἐκείνων</em></strong></span> <span class='ocrx_word' id='word_1_231' title='bbox 930 3841 964 3905; x_wconf 71' lang='grc' dir='ltr'><strong><em>εἴ</em></strong></span> <span class='ocrx_word' id='word_1_232' title='bbox 983 3865 1017 3905; x_wconf 87' lang='grc' dir='ltr'><strong>τι</strong></span> <span class='ocrx_word' id='word_1_233' title='bbox 1037 3824 1232 3923; x_wconf 36' lang='grc' dir='ltr'><strong><em>λοιπόν,“οῶ</em></strong></span> 
     </span>
     <span class='ocr_line' id='line_1_31' title="bbox 130 3940 1232 4041; baseline 0.006 -28"><span class='ocrx_word' id='word_1_234' title='bbox 130 3951 240 4037; x_wconf 80' lang='grc' dir='ltr'><strong><em>χεῖρον</em></strong></span> <span class='ocrx_word' id='word_1_235' title='bbox 272 3945 527 4037; x_wconf 82' lang='grc' dir='ltr'><strong><em>ἐπισκέψασθαι</em></strong></span> <span class='ocrx_word' id='word_1_236' title='bbox 556 3944 611 4011; x_wconf 81' lang='grc' dir='ltr'><strong><em>καλ</em></strong></span> <span class='ocrx_word' id='word_1_237' title='bbox 638 3942 695 4012; x_wconf 84' lang='grc' dir='ltr'><strong>τόν</strong></span> <span class='ocrx_word' id='word_1_238' title='bbox 716 3942 836 4013; x_wconf 83' lang='grc' dir='ltr'><strong><em>οἰκεῖον</em></strong></span> <span class='ocrx_word' id='word_1_239' title='bbox 863 3946 917 4013; x_wconf 82' lang='grc' dir='ltr'><strong><em>καὶ</em></strong></span> <span class='ocrx_word' id='word_1_240' title='bbox 946 3940 1001 4014; x_wconf 82' lang='grc' dir='ltr'><strong>τὸν</strong></span> <span class='ocrx_word' id='word_1_241' title='bbox 1021 3948 1232 4041; x_wconf 77' lang='grc' dir='ltr'><strong><em>συμφέροντα</em></strong></span> 
     </span>
     <span class='ocr_line' id='line_1_32' title="bbox 127 4045 1231 4144; baseline 0.005 -23"><span class='ocrx_word' id='word_1_242' title='bbox 127 4047 251 4144; x_wconf 84' lang='grc' dir='ltr'><strong><em>τρόπον</em></strong></span> <span class='ocrx_word' id='word_1_243' title='bbox 278 4047 459 4122; x_wconf 78' lang='grc' dir='ltr'><strong><em>οἷποδοῦναι</em></strong></span> <span class='ocrx_word' id='word_1_244' title='bbox 485 4046 570 4142; x_wconf 85' lang='grc' dir='ltr'><strong>πρός</strong></span> <span class='ocrx_word' id='word_1_245' title='bbox 599 4045 738 4144; x_wconf 75' lang='grc' dir='ltr'><strong><em>ἑκάστην</em></strong></span> <span class='ocrx_word' id='word_1_246' title='bbox 770 4045 874 4120; x_wconf 65' lang='grc' dir='ltr'><strong><em>,Ἔτι</em></strong></span> <span class='ocrx_word' id='word_1_247' title='bbox 903 4054 941 4122; x_wconf 77' lang='grc' dir='ltr'><strong>δὲ</strong></span> <span class='ocrx_word' id='word_1_248' title='bbox 968 4055 1024 4124; x_wconf 83' lang='grc' dir='ltr'><strong><em>καὶ</em></strong></span> <span class='ocrx_word' id='word_1_249' title='bbox 1048 4050 1110 4136; x_wconf 77' lang='grc' dir='ltr'><strong>τῶς</strong></span> <span class='ocrx_word' id='word_1_250' title='bbox 1137 4080 1231 4127; x_wconf 88' lang='grc' dir='ltr'><strong><em>συνα-</em></strong></span> 
     </span>
    </p>
   </div>
   <div class='ocr_carea' id='block_1_6' title="bbox 147 4292 983 4359">
    <p class='ocr_par' dir='ltr' id='par_1_8' title="bbox 147 4292 983 4359">
     <span class='ocr_line' id='line_1_33' title="bbox 147 4292 983 4359; baseline 0.022 -18"><span class='ocrx_word' id='word_1_251' title='bbox 147 4292 177 4358; x_wconf 86' lang='grc'><strong>1)</strong></span> <span class='ocrx_word' id='word_1_252' title='bbox 198 4296 249 4346; x_wconf 81' lang='lat' dir='ltr'><strong>Pro</strong></span> <span class='ocrx_word' id='word_1_253' title='bbox 259 4292 356 4346; x_wconf 75' lang='lat' dir='ltr'><strong>‘AMA</strong></span> <span class='ocrx_word' id='word_1_254' title='bbox 373 4301 590 4353; x_wconf 75' lang='lat' dir='ltr'><strong>substituendam</strong></span> <span class='ocrx_word' id='word_1_255' title='bbox 607 4315 669 4354; x_wconf 75' lang='lat' dir='ltr'><strong>ma</strong></span> <span class='ocrx_word' id='word_1_256' title='bbox 687 4303 793 4353; x_wconf 72' lang='lat' dir='ltr'><strong>ridetur</strong></span> <span class='ocrx_word' id='word_1_257' title='bbox 805 4301 931 4359; x_wconf 74' lang='grc' dir='ltr'><em>ῚΛΛΑ.</em></span> <span class='ocrx_word' id='word_1_258' title='bbox 980 4318 983 4325; x_wconf 80' lang='grc'><em>“</em></span> 
     </span>
    </p>
   </div>
   <div class='ocr_carea' id='block_1_7' title="bbox 0 0 1370 4816">
    <p class='ocr_par' dir='ltr' id='par_1_9' title="bbox 0 0 1370 4816">
     <span class='ocr_line' id='line_1_34' title="bbox 0 0 1370 4816; baseline 0 0"><span class='ocrx_word' id='word_1_259' title='bbox 0 0 1370 4816; x_wconf 95' lang='lat' dir='ltr'><strong> </strong></span> 
     </span>
    </p>
   </div>
  </div>
 </body>
</html>
