2730 4816
132 571 256 644 nenti).
294 568 412 651 Neque
433 567 570 632 huminis
591 568 708 633 bcnnnt
731 567 777 645 (id
807 569 893 652 quod
920 569 1062 634 nonnulli
1089 579 1234 637 conten-

127 677 256 752 derunt)
276 678 413 759 positum
437 696 521 751 esse·
534 687 640 760 potest
664 679 695 742 in
713 678 825 761 specie
841 683 892 754 (ut
908 677 1120 744 Ciceroniana
1134 671 1235 756 ἰδέας

126 773 511 868 interpretationum),
540 785 658 868 quippe
679 804 763 868 quse
784 784 825 848 nb
845 785 1024 849 horninibus
1046 793 1231 871 conparari

125 911 190 959 nun
210 891 364 980 μαψ).
405 892 548 955 Fuerunt
570 911 708 977 qunque,
731 894 834 977 quiin
855 895 974 958 virtute
995 894 1227 960 bestitndinern

127 999 265 1083 positum
288 1017 366 1065 esse
390 1001 607 1066 existimarent
628 1011 684 1066 sut
705 1006 739 1066 tn
758 1003 1074 1084 contemptatione³).
1097 1002 1231 1082 Quibus

126 1108 295 1185 sententiis
312 1107 531 1189 dinumeratis,
549 1107 700 1173 udrnnuet
720 1124 877 1174 summunt
896 1111 1115 1193 essebonum,
1137 1111 1232 1193 qued

125 1221 231 1301 ipsum
255 1216 296 1280 ud
316 1217 433 1280 nulium
460 1218 553 1281 elium
582 1239 669 1300 rem,
701 1219 744 1282 sd
773 1219 803 1283 id
835 1231 941 1283 nutem
969 1239 1022 1283 res
1051 1221 1233 1286 referentur

127 1342 251 1406 ornnes,
273 1327 316 1390 itu
330 1344 409 1389 vero
426 1325 650 1389 beatitudinem
667 1327 775 1409 potius
790 1337 1006 1409 comparatum
1024 1347 1109 1410 esee,
1132 1334 1232 1412 qu'srn

128 1432 293 1516 virtutem‘,
324 1452 406 1517 quus
434 1452 495 1495 non
525 1433 558 1495 vi
587 1451 649 1496 sun
677 1433 779 1499 scium
810 1443 843 1495 et
866 1444 997 1516 propter
1027 1452 1066 1499 ee
1086 1445 1231 1518 optetur,

127 1543 188 1606 sed
200 1543 294 1605 etiem
306 1541 511 1606 beatitudinis
526 1559 644 1622 crum
660 1552 758 1625 etque
772 1559 928 1633 summunt
947 1542 1076 1625 bonnm,
1098 1552 1232 1625 prneter

127 1659 160 1714 et
182 1651 262 1713 uitrn
283 1648 366 1731 qnod
386 1648 584 1713 desideretur
611 1649 705 1732 nihil,
737 1648 901 1713 sufficiens
922 1638 1114 1736 (αὔταρκες)
1134 1668 1228 1733 esee,

127 1776 232 1840 neque
253 1758 344 1821 nobis
365 1757 493 1840 quidem
521 1756 600 1819 sniis
627 1755 686 1820 sed
715 1757 914 1839 perentibus,
946 1756 1070 1838 liberis,
1100 1744 1255 1842 smicis,'

128 1865 262 1929 civibus.
314 1862 438 1926 Deinde
458 1863 560 1945 pergit
581 1862 622 1926 ed
644 1875 820 1928 extremum
842 1864 1048 1928 humanorum
1072 1866 1231 1930 bonorum

129 1969 345 2054 quaerendum
367 1988 407 2034 nc
426 1968 647 2033 definiendum.
704 2016 708 2026 ι

214 2077 320 2157 anrn
344 2076 460 2159 ubique
487 2076 643 2159 inopere
669 2064 709 2139 τό
729 2060 767 2137 εὖ
795 2087 828 2140 et
856 2076 972 2140 bonurn
1000 2086 1165 2156 cernatur,
1196 2079 1231 2144 in

66 2265 68 2274 ¹
130 2203 227 2268 upere
249 2185 384 2248 humanu
405 2184 540 2247 huminis
569 2185 684 2248 bonurn
707 2202 843 2247 necesse
864 2194 917 2247 cst
944 2187 1106 2249 contineri.
1151 2187 1230 2250 Ho-

130 2296 223 2359 minis
243 2298 454 2376 uutem'opus
474 2314 514 2358 sc
534 2311 650 2356 munus
672 2295 740 2356 vite
761 2294 900 2374 practice
922 2302 973 2355 est
991 2295 1144 2379 rationem
1163 2295 1232 2363 hn-

129 2402 235 2467 beutis
253 2390 514 2487 (πρακτική-τοῦ
533 2388 629 2484 λόγον
648 2389 803 2478 i'xcnoc).
856 2401 1005 2465 Rationis
1026 2422 1104 2465 vern
1124 2402 1232 2469 nitere

118 2511 227 2579 'enimi
244 2530 322 2594 pure
343 2512 386 2576 itt
408 2514 570 2593 particeps
588 2519 658 2591 cst,
690 2520 725 2574 ut
751 2529 822 2574 cern
849 2511 951 2593 ipsnrn
967 2511 1096 2575 =hsbest
1122 2512 1231 2594 eique

129 2619 285 2702 intelliget
303 2607 360 2694 (τὸ
379 2613 440 2698 μὲν
459 2606 506 2692 ὠς
525 2608 599 2697 ipos
618 2614 673 2681 sei
693 2605 947 2699 διανοούμενον),
969 2619 1081 2700 nitere,
1103 2628 1140 2681 ut
1154 2639 1228 2686 cunr

130 2736 250 2791 nutum
272 2726 427 2809 percipiet
455 2727 548 2809 eique
573 2726 701 2790 obediet
726 2715 781 2803 (τὸ
801 2723 832 2789 d'
852 2715 899 2801 ὥς
917 2717 1097 2801 encaeniis
1117 2715 1230 2811 λόγῳ).

131 2836 182 2902 Be
200 2856 296 2918 vero,
327 2854 413 2919 quse
444 2834 562 2899 hebent
592 2835 755 2915 homines,
790 2847 846 2898 sut
876 2833 997 2913 hubent
1027 2835 1228 2918 (possident)

128 2944 272 3016 scium)
296 2952 358 3009 sut
386 2947 436 3007 eis
462 2945 649 3006 utuntnrin
676 2928 816 3025 egendo.
859 2942 1014 3022 Quoniam
1038 2952 1143 3006 nutem
1165 2944 1229 3008 soii

130 3051 254 3119 hebitni
267 3047 271 3052 ’
285 3069 366 3117 usus
398 3048 643 3132 anteponendus
673 3060 725 3113 cst
754 3060 852 3131 etque
883 3043 1046 3134 ἐνέργεια,
1078 3069 1160 3133 opus
1186 3068 1228 3117 en
1279 3104 1282 3108 .

128 3178 247 3225 munus
267 3159 428 3225 hominum
450 3159 543 3223 enimi
560 3151 706 3243 ἐνέργεια
724 3169 778 3231 est
799 3158 972 3223 secundum
994 3159 1147 3224 renonem
1169 3170 1228 3224 sut

127 3286 193 3331 nun
211 3271 283 3331 sine
303 3269 425 3331 ratione
446 3254 545 3345 (serni
564 3253 659 3348 λόγον
678 3253 769 3352 {ips}
782 3255 867 3328 ,ἄνευ
885 3252 999 3347 λόγου)
1010 3268 1048 3340 ⁶).
1082 3268 1150 3343 sed
1163 3285 1231 3350 ge-

129 3380 215 3443 neris
236 3378 363 3442 hnmani
383 3380 411 3443 ei
433 3379 601 3443 definimus
623 3394 718 3461 opus,
740 3378 782 3444 de
804 3379 929 3443 homine
952 3382 1035 3443 meio
1055 3391 1144 3447 certe
1165 3403 1229 3446 nnn

130 3485 334 3570 cogitandum
357 3497 420 3570 est,
440 3488 500 3551 sed
522 3488 562 3552 de
578 3489 752 3571 praestanti
767 3499 801 3552 et
816 3488 934 3552 virtute
951 3490 1092 3571 praedito
1105 3498 1232 3564 (σπου-

130 3589 252 3679 δαίῳ),
280 3596 335 3678 qui
358 3615 439 3680 opus
460 3597 542 3660 bene
560 3595 688 3661 efficiet.
739 3597 828 3661 Bene
849 3604 956 3661 sutem
979 3598 1125 3682 quodque
1146 3617 1230 3683 opus

147 3807 179 3875 t)
197 3809 259 3859 ssu.
277 3808 336 3861 ure.
354 3808 375 3858 1.
392 3808 421 3860 n.
439 3809 468 3858 u.
625 3808 657 3873 n)
677 3808 695 3858 ι.
713 3821 737 3857 c.
754 3806 781 3857 4.
939 3803 970 3869 s)
989 3805 1009 3856 ι.
1027 3817 1051 3855 e
1069 3808 1096 3855 s.

136 3894 254 3965 ’4)Ἕξις
271 3900 405 3952 interdum
423 3901 491 3952 idem
508 3901 639 3966 declaret,
657 3903 728 3966 queri
739 3899 863 3952 Latinum
881 3894 1073 3965 „pcseeseic“.
1089 3896 1152 3947 nti.
1163 3897 1225 3951 Nic.

202 3995 225 4045 i.
242 3997 268 4044 ἃ
287 3995 390 4059 dingnu
407 3994 428 4044 i.
448 3997 476 4045 ³.

145 4083 178 4151 ti)
197 4087 271 4136 tinec
289 4086 380 4148 operis
394 4085 501 4137 urrnnni
517 4084 639 4136 detritio
656 4086 690 4136 ed
709 4097 800 4136 ornnes
815 4082 937 4136 innines
953 4086 1159 4136 scccnncdnts
1176 4085 1228 4147 est,

196 4178 231 4228 nd
248 4189 344 4227 servos
362 4180 390 4227 et
407 4177 514 4229 iiber-ns.
550 4168 622 4227 Nun
635 4177 708 4228 servi
725 4177 764 4229 ite
786 4171 912 4227 retinnisi
926 4174 1071 4241 participes
1097 4178 1175 4238 sunt,
1198 4178 1228 4226 ut

195 4269 255 4321 eins
275 4281 371 4320 vncsrn
396 4270 534 4335 percipere
557 4252 591 4321 ex
611 4268 670 4322 eliis
693 4269 772 4333 eique
790 4265 895 4332 possint
911 4269 1099 4335 obtemperare
1116 4265 1190 4334 (Pel.
1208 4269 1231 4318 i.
