2730 4816
620 424 827 490 ..81-

167 646 262 717 qndm
281 631 392 695 eadem
412 632 467 709 sit,
490 626 716 690 beatitudinem
740 620 836 683 etiam
857 618 957 680 totins
979 612 1118 678 divitatis
1138 620 1172 673 st
1192 610 1270 675 sin·

166 745 231 828 guli
255 741 390 803 hominis
412 735 547 800 eandem
571 752 645 797 esse
668 747 803 800 rteoesse
826 736 885 790 est.

249 848 310 910 liis
332 844 457 929 quidem
479 842 651 924 expositis,
682 830 889 920 philosophus
916 842 1023 896 tarsen
1051 821 1093 891 ad
1113 826 1269 910 proposi-

169 971 234 1021 tum
265 952 422 1021 secedere
451 950 586 1014 nondum
614 955 732 1030 potest.
790 946 911 1025 Magna
941 942 1022 1004 enlm
1051 933 1270 1019 persolvenda

166 1065 312 1150 quaestio
334 1070 398 1125 est:
433 1070 535 1123 utrum
565 1058 632 1119 vita
653 1052 865 1135 praestantior
885 1058 919 1111 et
939 1046 1110 1128 optabilior
1139 1043 1182 1104 sit
1204 1056 1270 1125 pu·

167 1177 249 1239 blioa
263 1194 303 1237 an
322 1172 450 1254 privata
472 1152 633 1249 (πότερος
652 1147 870 1246 αἱρετώτερος
888 1151 961 1238 βίος
983 1145 1003 1219 ὁ
1023 1143 1080 1216 dte?
1097 1149 1159 1214 τοῦ
1178 1168 1269 1231 oap-

166 1270 404 1347 πολιτεύεσθαι
432 1273 486 1340 καὶ
509 1273 669 1337 κοινωνεῖν
690 1256 819 1341 πόλεως
839 1258 862 1351 ἢ
880 1262 1003 1346 μᾶλλον
1023 1251 1042 1325 ὁ
1063 1250 1190 1340 ξενικὸς
1212 1254 1269 1320 καὶ

166 1386 225 1477 τῆς
246 1382 416 1473 πολιτικῆς
435 1376 601 1455 κοινωνίας
621 1369 888 1455 ἀπολελυμένος).
933 1374 1121 1436 distantem
1142 1368 1183 1432 de
1206 1368 1270 1432 hae

166 1520 202 1562 re
225 1498 358 1579 eopiosa
377 1492 567 1575 disputatio,
598 1506 661 1571 qua
684 1486 809 1570 quidem
831 1482 906 1546 nihii
937 1478 1022 1563 apud
1051 1481 1148 1543 rollum
1179 1478 1268 1541 sori·

167 1617 288 1689 plorem
313 1602 474 1682 subtilius,
497 1600 570 1662 nihii
591 1592 787 1678 praeclarius
810 1591 895 1665 (Pol.
911 1591 985 1654 vlt.
1006 1587 1037 1650 2.
1057 1586 1089 1652 3.
1110 1587 1168 1664 l).

692 1824 731 1893 Α.

345 1971 464 2035 Optima
480 1966 649 2033 respublica
666 1962 806 2032 οκοοιοᾶο
824 1960 934 2015 nalard
949 1960 1090 2029 piperatas·

170 2060 196 2130 (ἢ
213 2066 371 2115 πολιτεία
388 2058 402 2128 ἢ
418 2056 528 2130 ἆρίοτη
545 2064 620 2110 τίνα
635 2060 754 2123 πέφυκε
770 2059 927 2125 γίνεσθαι
944 2048 1198 2121 τρόπονΡοΙ.ῙῙΙ.
1212 2050 1270 2120 18.)

299 2168 326 2204 0·
345 2154 381 2205 de
398 2151 458 2204 et'tte
476 2150 687 2204 colltfflt'om'btoe
704 2146 930 2212 (ὓποθέοιοι,
954 2148 1133 2215 χορῃγίᾳ).

666 2311 695 2378 S.
717 2306 768 2371 46.

253 2451 331 2515 Sine
351 2452 447 2514 rebus
470 2452 662 2516 neeessarils
685 2444 853 2535 (xopqplpl
885 2449 1037 2514 virtutem
1068 2447 1175 2511 colere
1207 2463 1271 2509 oao

168 2558 284 2641 singuli
314 2560 458 2622 homines
484 2568 619 2639 possunt
647 2576 708 2622 oea
735 2568 800 2623 tota
829 2552 954 2623 civitas·
1006 2556 1133 2641 Optima
1157 2565 1269 2619 autem

168 2666 348 2748 respublica
375 2665 514 2751 gerenda
540 2676 574 2729 et
602 2665 808 2749 gubernanda
831 2676 882 2729 est
905 2665 1082 2728 seeundum
1102 2664 1270 2725 virtutem.

170 2770 278 2848 Quare
300 2773 386 2853 prius
408 2770 567 2833 derebus
589 2774 830 2834 neeessariiss.
852 2770 895 2834 de
916 2762 1149 2834 conditionibus
1164 2752 1271 2843 <ino-

168 2872 304 2954 elaeae]
337 2877 502 2942 dioendum
538 2888 609 2962 est,
656 2898 737 2963 quas
770 2880 884 2942 daturi
915 2879 1110 2962 suppeditari
1141 2887 1272 2962 oportet

170 2994 311 3073 optimae
339 2991 475 3073 eivitatl,
505 3008 600 3074 quam
625 2993 654 3055 ei
676 2991 749 3075 quid
770 2992 934 3075 legislator
954 2992 1116 3073 impertire
1138 2990 1270 3073 debui,

171 3104 280 3183 quaeri
294 3092 431 3187 'possit‘
457 3100 578 3167 Omnes
600 3103 699 3187 igitur
720 3120 774 3166 res
793 3103 957 3165 naturales
980 3099 1146 3179 describit,
1176 3117 1221 3163 ao
1240 3100 1271 3163 si

171 3212 256 3293 optio
272 3208 347 3274 data
361 3211 418 3291 sit3
439 3215 485 3273 ita
505 3218 623 3293 lamen,
648 3225 683 3274 ut
704 3212 779 3274 nihil
801 3212 844 3274 ait
864 3198 1031 3274 ἀδύνατον.
1055 3208 1269 3273 Continentur

170 3327 275 3381 autern
298 3336 357 3380 aaa
378 3329 526 3401 quattuor
546 3320 746 3403 potissimum
769 3320 849 3382 loeis
872 3327 907 3382 et
928 3318 1021 3398 quasi
1041 3315 1191 3380 sodibosr

254 3427 277 3490 l.
297 3434 331 3487 et
351 3427 391 3487 ll.
413 3424 572 3489 hominnm
586 3437 700 3490 caetus
718 3437 854 3508 quantus
871 3424 912 3487 ad
926 3426 1076 3506 optimam
1091 3424 1271 3507 rempubli-

36 3534 43 3543 '
172 3549 242 3595 mm
263 3532 513 3599 eonstitoendara
536 3536 739 3598 necessarius
761 3536 804 3597 sit
826 3542 858 3596 et
879 3534 1001 3614 qualis3

256 3641 312 3702 lll.
333 3651 366 3703 et
389 3640 447 3703 tv.
468 3642 569 3724 qualis
592 3653 626 3704 et
646 3650 765 3725 quanta
787 3644 972 3708 neeessaria
993 3648 1035 3708 sit
1056 3652 1160 3725 terra,
1181 3662 1270 3727 quae

172 3749 213 3812 ab
236 3750 372 3831 optimae
393 3747 585 3831 reipublicae
606 3749 732 3812 nivibus
753 3750 919 3817 incolatur.

255 3859 394 3922 Primum
416 3858 511 3941 igitur
531 3857 646 3922 oividm
667 3872 816 3922 numerus
835 3860 951 3922 talibus
979 3856 1096 3923 findens
1124 3859 1272 3923 oileum-

171 3964 337 4049 soribitur,
370 3976 405 4031 ut
430 3972 569 4051 optimae
590 3969 712 4033 eivitali
733 3972 861 4052 quinam
884 3968 926 4033 sit
951 3968 1054 4032 iustus
1083 3962 1269 4053 definiatur,

49 4166 52 4171 Ι
173 4075 299 4157 quinam
319 4078 447 4159 nimius,
469 4079 594 4160 quinam
615 4082 701 4141 lusto
721 4079 831 4142 minor.
878 4077 1003 4142 Deinde
1033 4079 1074 4143 de
1100 4087 1206 4140 terrae
1226 4092 1271 4141 ao

174 4187 317 4268 regionis
336 4186 465 4252 disserit
490 4187 725 4273 magnitudine,
753 4202 887 4272 natura,
917 4191 1170 4271 opportunitatst
1193 4196 1273 4273 posi

174 4293 280 4375 eapite
290 4294 347 4357 v1.
369 4293 411 4356 de
432 4297 539 4374 optimi
561 4296 666 4379 oppidi
687 4298 751 4362 situ
772 4297 814 4362 ad
836 4316 934 4378 roera,
954 4295 998 4365 ‘de
1019 4294 1184 4381 penedos,
1206 4296 1272 4361 de-
