2730 4816
559 428 766 491 ‚51-

109 619 272 683 daemonii
290 618 392 700 pluris
413 617 569 680 leserunt
621 611 717 678 Unde
746 612 864 675 tanum
894 620 965 692 est,
997 620 1032 674 nt
1059 610 1210 694 femineo,
1290 644 1299 657 -

112 727 271 811 neglectis
291 725 388 788 reb'us
408 721 596 787 domesticis
609 719 691 783 bello
706 728 814 783 antem
832 719 915 782 mele
930 724 1037 802 gesto,
1060 739 1208 804 magnum

112 834 303 916 reipublieee
331 831 483 895 afferrent
509 828 741 892 detrimentum.
796 827 877 908 Tum
906 825 1108 907 reprehendit
1131 845 1212 909 pos-

113 942 269 1007 sessionis
291 942 494 1023 psrtitlonem
519 937 621 998 minus
643 933 838 1016 aequabilem
860 935 1017 1015 legesque
1039 934 1079 997 de
1101 955 1137 1037 re
1159 936 1214 998 ia·

114 1051 227 1113 roilisrl
244 1049 387 1133 leganda
409 1065 450 1110 so
473 1045 514 1110 de
535 1041 741 1126 procreandis
764 1040 882 1103 liberis.
932 1041 1056 1104 Deinde
1076 1042 1215 1104 laudetis

113 1157 278 1239 nonnullis·
292 1155 484 1236 reipublicae
505 1151 668 1229 institutis,
687 1149 831 1230 disputat
852 1147 893 1210 de
912 1149 1054 1231 ephoris,
1068 1151 1215 1230 senibus,

115 1264 268 1348 regibus,
296 1261 458 1345 syssitiis,
488 1257 666 1347 oaoarobis
709 1255 863 1336 lienique
892 1255 1157 1320 baoedaemouiis
1184 1259 1216 1324 id

117 1370 203 1438 leudi
224 1369 363 1434 dandum
385 1387 462 1432 esse
482 1374 597 1448 neget,
627 1364 710 1448 quod
736 1361 928 1444 posthabitis
943 1364 1082 1447 reliquis
1108 1368 1216 1430 vlrtn·

25 1578 28 1587 ¹
115 1489 209 1571 tibus,
232 1506 325 1552 omne
345 1487 376 1550 in
399 1504 462 1551 nna
483 1483 663 1548 fortitudine
683 1481 822 1546 studium
845 1484 1018 1563 posuerint.

641 1715 688 1771 tt.

456 1839 876 1892 Decirltste'cretn'nr.
936 1841 942 1851 ”

616 2016 644 2084 d.
667 2012 716 2072 33.
798 2034 801 2041 ’

215 2144 347 2208 Cretum
371 2143 545 2225 aivitetem,
567 2144 672 2226 leges,
694 2143 849 2222 instituta,
873 2144 1068 2225 disciplinam
1092 2147 1217 2213 nonlert

120 2253 313 2315 Aristoteles
334 2270 403 2314 eum
426 2249 702 2314 Lacedaemoniis.
755 2252 964 2333 Respondent
991 2259 1072 2319 enim
1102 2257 1218 2322 helotis
1331 2321 1334 2328 .

119 2352 294 2442 περίοικοι,
314 2356 443 2438 ephoris
463 2343 593 2435 κόσμοι,
615 2360 745 2421 senibus
764 2356 872 2440 senes,
896 2379 1029 2442 quornm
1051 2354 1217 2430 eonsilium

120 2464 237 2529 Cretes
255 2453 377 2547 βουλήν
400 2475 526 2528 vocant.
575 2465 708 2530 Coenae
734 2476 841 2531 antem
870 2487 1057 2532 commones
1086 2473 1219 2542 cretum

98 2568 268 2657 'propriae
287 2583 377 2656 sunt,
400 2575 606 2659 syssitiisqne
629 2585 817 2658 praestante
853 2577 972 2659 Neque
991 2578 1073 2644 euim
1096 2563 1224 2650 collatis·

122 2685 239 2748 nivium
260 2683 429 2767 symbolis,
455 2682 515 2747 sed
535 2683 660 2767 publiee
680 2693 714 2747 et
734 2686 776 2747 ita
794 2688 1026 2769 conparantur,
1044 2701 1079 2753 nt
1095 2694 1220 2772 poblioe

122 2802 156 2854 et
173 2812 290 2856 osores
304 2794 426 2881 alentur
441 2803 474 2856 et
488 2794 587 2856 liberi.
608 2793 720 2877 Leges
734 2801 841 2873 sotem
860 2793 901 2856 de
914 2795 1071 2879 eligendis
1084 2787 1219 2881 κόσμοις

123 2897 362 2978 postponendae
381 2902 441 2977 ele,
466 2917 549 2980 quos
570 2900 804 2962 Lacedaemoni
826 2878 963 2964 siant'de
985 2905 1122 2985 ephoris.
1146 2910 1219 2974 De-

123 3005 218 3085 nique
236 2999 478 3083 vituperandum
490 3046 500 3084 ,
532 3004 615 3086 quod
635 2992 752 3085 κόσμοι
774 3007 807 3069 vi
828 3016 885 3069 aut
906 3004 1046 3072 faotione
1069 3017 1218 3095 expelle·

123 3111 246 3180 bentttr.
289 3109 505 3174 conservator
524 3120 631 3174 sutem
653 3113 771 3176 olvitss
793 3115 854 3176 loci
876 3118 1120 3195 opportunitate·

171 3469 175 3476 ⁵
225 3526 227 3531 .
340 3490 1001 3557 [incivitatecarthaginiensium.

530 3734 533 3738 .
624 3651 654 3718 t·
678 3645 728 3708 34.

207 3778 312 3841 blnlta
325 3776 644 3860 Carthaginiensibus
657 3781 801 3843 institute
815 3791 889 3843 sunt
906 3801 967 3843 nou
979 3779 1220 3844 contemnenda.

124 3885 160 3948 ld
182 3905 224 3947 ex
246 3907 285 3950 eo
308 3885 437 3969 intelligi
460 3886 555 3966 lieet,
588 3886 675 3968 qnod
707 3888 854 3969 quamvis
883 3887 973 3967 plebs
996 3882 1136 3969 (δῆμος)
1162 3888 1222 3955 luit

123 3994 323 4074 reipublieae,
346 4004 452 4058 tamen
475 4010 535 4054 nee
556 3978 669 4055 seditio
692 4014 826 4084 nuquam
845 4002 914 4055 orta
926 4002 977 4056 est
993 4014 1053 4057 neo
1067 4003 1222 4079 tyrannus

123 4103 255 4164 exstitit.
286 4104 330 4167 Ut
349 4102 491 4183 Cretum,
509 4102 552 4162 ite
572 4100 666 4161 etieni
686 4090 996 4183 Carthaginiensium
1015 4105 1224 4187 magistratus
1263 4092 1271 4097 ¹

126 4226 199 4273 oum
228 4210 491 4274 becedaemoniis
519 4211 706 4296 pomposuit.
763 4210 837 4290 Qus
862 4213 1097 4294 comparatione
1116 4180 1263 4278 elucet*

126 4319 219 4400 leges
241 4319 356 4401 quibos
378 4317 665 4402 Certhsglnieuses
678 4317 765 4382 clv.
779 4318 919 4385 virorum
940 4318 1102 4405 imp'e'rinnr
1124 4342 1221 4386 eree·
