2730 4816
565 420 792 486 -113-

128 627 198 670 eam
235 606 315 669 libro
359 604 536 685 explicavit
565 613 679 680 secto,
714 621 810 683 quam
841 602 910 663 iore
928 608 1134 680 posteriorem
1159 622 1255 685 pros

131 715 239 790 misit,
273 732 343 775 eam
380 714 530 795 exposuit
567 713 643 775 libro
664 716 784 793 quinto.
829 712 920 772 Haec
941 710 981 773 ed
1006 710 1235 792 expediendum

130 840 217 883 saue
240 820 391 883 diflicilia.
434 820 627 899 susceptum
649 822 731 879 euim
756 818 924 880 consilium
949 818 1152 880 Aristotelem
1165 837 1237 881 rnu-

131 941 221 991 tasse
253 928 362 991 dicere
391 948 451 991 uec
482 929 560 989 iicet
590 946 651 990 neo
674 928 778 990 decet.
822 929 916 1008 Quod
938 928 965 990 si
988 929 1146 1010 fecisset,
1179 941 1237 994 eut

129 1037 196 1101 iibri
219 1037 320 1119 quarti
347 1036 445 1098 verbu
466 1043 720 1099 commutaturus
742 1035 858 1098 fuisset
888 1047 943 1101 out
965 1037 995 1099 id
1017 1028 1058 1098 se'
1076 1039 1236 1102 obiecisse

131 1145 296 1208 consilium
326 1142 408 1226 quod
441 1153 514 1204 ente
536 1150 667 1222 ceperat
698 1140 944 1222 significaturus.
992 1145 1108 1228 Neque
1129 1147 1234 1211 iocum
1306 1134 1310 1144 ⁸

132 1251 218 1315 illum
240 1249 348 1311 dicere
378 1260 558 1328 corruptum
589 1248 702 1309 ausim.
747 1248 855 1327 Quone
882 1259 933 1311 est
966 1249 1113 1314 codicum
1148 1256 1237 1315 scri-

131 1366 226 1439 ptum
251 1356 435 1436 retinenda3
469 1355 618 1419 mutando
641 1340 1004 1419 iibrorum'conseoutio.

135 1504 138 1508 ’
215 1489 318 1551 tulit
339 1488 484 1569 proiecto
506 1488 590 1550 iiiam
612 1487 736 1570 quidem
759 1486 890 1550 duorum
912 1489 1061 1552 librorum
1085 1508 1233 1554 commu-

130 1600 282 1659 tstiouem
304 1596 517 1658 necessarium
541 1614 616 1658 esse
635 1595 834 1658 demonstret
856 1614 975 1675 earum,
1000 1616 1081 1677 quae
1103 1599 1133 1660 iu
1156 1599 1232 1662 ulti-

133 1726 185 1769 me
200 1706 402 1769 Politicoruur
414 1714 603 1789 pertesum,
626 1725 730 1767 rernm
745 1705 882 1768 omnium
898 1705 1085 1770 distributio.
1098 1709 1235 1773 Primum

134 1814 214 1876 enim
235 1813 428 1876 Aristoteles
444 1816 476 1873 in
497 1810 577 1875 libro
600 1811 657 1873 lV.
680 1814 860 1874 dinumero!
889 1808 1187 1899 δημοκρατίας
1207 1825 1239 1879 et

134 1912 385 2007 ὀλιγαρχίας
404 1929 537 2002 species.
579 1921 700 1984 Deinde
723 1909 974 2006 ἀριστοκρατίας
993 1924 1164 2005 generibus
1186 1927 1238 1987 ei-

134 2033 228 2112 ietis,
260 2037 400 2115 explicat
431 2031 589 2114 quomodo
625 2043 657 2096 et
693 2035 923 2094 constituentur
952 2041 985 2094 et
1011 2044 1239 2116 componantur

134 2130 366 2227 ἀριστοκρατία
395 2151 427 2204 et
452 2133 605 2201 πολιτεία
635 2141 813 2223 quibusque
841 2144 1040 2204 conveniant
1084 2145 1165 2205 Tum
1194 2142 1236 2207 sd

135 2251 352 2332 quaestionem
389 2250 427 2309 de
462 2235 687 2331 ὀλιγαρχίᾳ
720 2255 751 2307 et
783 2243 1047 2332 δημοκρατία
1073 2270 1236 2332 reversus,

135 2360 249 2439 qrridus
269 2361 337 2418 sint
355 2357 503 2434 αἀραίαα
524 2377 634 2419 eorum
651 2359 778 2439 species
799 2359 1099 2439 accommodandae,
1123 2372 1236 2427 osten·

136 2463 192 2528 dit.
235 2463 379 2543 scriptor
409 2463 502 2544 igitur
529 2465 583 2546 qui
612 2465 725 2526 iustam
754 2445 963 2529 distribuendi
984 2486 1160 2551 sanumque
1180 2489 1238 2532 ro-

139 2574 257 2636 tiouem
290 2571 453 2654 sequitur,
481 2570 554 2652 quid
590 2573 651 2633 iilis
680 2571 1010 2635 rebus'continuobit.
1053 2575 1245 2641 Perficietne

136 2684 293 2763 inceptem
318 2681 356 2740 de
379 2667 600 2762 ὀλιγαρχίᾳ
621 2683 654 2738 et
673 2669 946 2760 δημοκρατίᾳ
968 2674 1239 2758 disputationem?

137 2792 253 2852 Nonne
273 2809 336 2869 que
357 2795 480 2850 ratione
500 2808 556 2849 eae
575 2790 719 2848 ciuitates
738 2790 975 2860 constituantur
997 2785 1144 2852 docebit?
1176 2788 1239 2851 Di·

136 2896 346 2976 eputetiouem
367 2895 407 2956 de
430 2916 466 2959 re
490 2894 619 2958 diverse
641 2896 659 2956 i.
680 2915 709 2958 e.
728 2894 767 2957 de
782 2896 927 2978 omuibus
942 2896 1114 2958 civitatium
1128 2897 1239 2960 formis

87 3071 100 3090 .
138 3022 211 3065 uum
244 3002 399 3082 suscipiet
429 3000 540 3081 prius,
577 3019 670 3083 quum
701 3000 742 3062 de
773 2989 977 3086 δημοκρατίᾳ
1008 3010 1041 3064 et
1068 2990 1239 3089 ὀλιγαρχίᾳ

138 3112 356 3197 quaestionem
386 3109 426 3172 ed
460 3109 555 3173 fluem
591 3109 799 3193 perduxerint

219 3247 275 3309 iii.
298 3247 363 3308 iem
392 3261 566 3329 pergemus
585 3242 628 3306 od
651 3243 758 3306 ultimo
781 3244 848 3306 iibri
870 3243 929 3306 tv.
951 3244 1065 3325 capite.
1110 3245 1238 3322 Quibus

137 3360 208 3419 eius
223 3373 305 3437 quse
331 3354 474 3436 sequitur
484 3351 706 3433 disputationis
718 3353 896 3414 continetur
907 3355 1092 3435 principium
1107 3341 1237 3440 (ἆρχὴ).

204 3676 273 3725 kero
300 3672 384 3740 (τέλος
401 3672 431 3725 di
447 3671 551 3726 πόντων
568 3673 678 3739 τούτων,
696 3670 771 3736 ὅταν)
789 3677 957 3732 dissentiens.
989 3681 1152 3732 orerentur
1168 3677 1238 3732 ndr-

205 3786 256 3819 ναν
272 3766 368 3819 rodum
385 3771 418 3818 od
445 3780 539 3820 rocon
556 3772 647 3833 pretor
664 3770 812 3834 retulerim,
837 3784 907 3836 quoe
924 3770 1050 3835 genitivo
1068 3783 1158 3821 veona
1174 3783 1240 3822 esse

204 3875 258 3912 nou
277 3867 374 3924 potest.
391 3860 440 3911 Sin
457 3861 514 3925 quir
531 3861 661 3912 statuerit
677 3874 693 3911 e
712 3864 795 3913 uerbo
808 3865 876 3918 τέλος
887 3863 1001 3924 pendere
1016 3859 1122 3912 ndum
1132 3860 1237 3929 τούτων,

204 3954 228 4002 te
245 3954 318 4004 dicut
334 3959 450 4018 oportet,
467 3953 580 4004 atterum
598 3954 641 4017 qui
659 3953 693 4004 ad
710 3959 801 4018 peretur
818 3953 949 4017 pertineat
966 3951 1061 4004 deesse
1078 3953 1238 4017 genitivum.

204 4044 308 4096 Contra
324 4047 395 4102 τέλος
411 4045 558 4110 genitivum
577 4058 631 4096 uon
650 4046 769 4110 requirit,
788 4045 852 4108 quta
868 4045 944 4109 quest
965 4046 1092 4110 quaedum
1110 4053 1152 4097 est
1169 4058 1239 4098 eou-

206 4139 316 4195 tunctto.
349 4140 501 4191 Verborum
519 4144 609 4190 eutem
626 4139 772 4189 coitooetio
792 4150 825 4188 ee
842 4137 946 4202 quiden
963 4150 1048 4200 neque
1063 4142 1133 4203 apud
1149 4139 1238 4200 tirne-¹

205 4241 253 4279 cos
271 4229 458 4281 ostiensium
475 4242 560 4293 neque
576 4230 649 4292 opud
668 4225 781 4281 {reticos
798 4224 950 4292 (postremo
968 4228 1061 4278 οοτιιιι
1078 4229 1195 4281 omniun
1213 4230 1237 4279 si

205 4324 349 4376 mmet-ue
363 4325 551 4389 mannen).

1067 4416 1089 4476 8
