2730 4816
112 598 193 661 altar
221 596 338 661 iuodus
367 599 452 661 sitos
478 597 522 661 sit
550 615 650 679 prope
671 597 795 678 urbem,
824 596 906 659 alter
933 594 1021 661 baud
1052 596 1203 679 procula

110 705 252 769 ciuitatis
279 704 404 769 linibus.
456 703 601 785 lleuique
622 702 763 767 breviter
784 702 861 768 dicit
884 703 926 767 ds
947 703 1097 788 agricolis
1117 704 1205 778 (Pol.

110 811 185 877 vn.
204 813 235 880 8.
255 813 287 875 s.
311 811 379 888 10.)

610 947 639 1016 S.
661 942 712 1006 48.

496 1078 534 1128 De
552 1062 730 1139 descriptloue'
749 1076 830 1169 orbis.

192 1198 366 1283 Postquam
388 1198 429 1262 de
451 1196 602 1283 civitatis,
614 1196 678 1259 situ
697 1196 835 1260 maxime
849 1197 977 1280 optabili
991 1217 1096 1283 pauca
1111 1219 1207 1283 prae-

109 1307 228 1389 posuit,
250 1305 380 1368 dissorit
394 1303 434 1367 de
445 1305 526 1368 locis
543 1303 684 1384 munitis,
706 1303 747 1366 de
761 1302 923 1368 domorum
940 1306 1207 1373 exaedificatione

110 1423 145 1476 ct
164 1414 408 1494 continuatione,
437 1411 478 1475 de
499 1412 674 1475 moenibus.
717 1410 840 1475 Deinde
862 1412 1027 1497 describit,
1048 1414 1206 1498 quomodo

110 1522 310 1587 instituendis
332 1515 510 1596 συσσιτίοις
527 1521 674 1586 aedificia
692 1520 951 1587 commodissime
969 1533 1206 1612 construantur,

111 1631 166 1716 qui
187 1631 356 1696 ordinanda
379 1631 442 1694 sint
463 1631 552 1714 lora,
583 1631 765 1715 gymnasia,
797 1633 998 1715 praetorium.
1053 1634 1206 1697 Ceterum

111 1738 265 1802 eiusmodi
288 1759 339 1801 res
360 1759 453 1823 quum
476 1739 517 1802 td
540 1739 770 1821 disponendum
795 1759 857 1803 uon
878 1740 1023 1807 difficiles
1051 1745 1131 1826 sint,
1154 1741 1207 1807 lc·

117 1847 181 1911 tius
205 1844 413 1928 explicandae
433 1865 496 1909 nou
518 1856 602 1909 sunt.

194 1952 255 2014 liis
276 1950 404 2035 quidem
426 1952 469 2015 ita
491 1938 685 2034 explanatis,
707 1949 791 2034 quod
812 1950 871 2014 sibi
894 1962 1105 2035 proposuerat
1130 1953 1206 2017 Ari-

110 2059 245 2124 stotcles
267 2059 404 2140 edocuit,
428 2059 586 2142 quomodo
601 2068 719 2124 coloro
729 2063 826 2143 ferat,
844 2069 879 2123 ut
894 2063 1010 2145 optima
1025 2061 1206 2147 respublica

110 2169 230 2231 existat
259 2177 293 2230 et
318 2189 339 2229 n
366 2168 549 2245 lepislolore
570 2166 682 2249 quibus
703 2167 829 2251 legibus
850 2174 1064 2234 constituatur
1084 2165 1205 2246 (καθί-

109 2272 280 2347 στασθαι).
324 2273 390 2334 lam
412 2270 644 2356 transgreditur
665 2269 705 2334 ad
726 2270 770 2351 id,
793 2272 877 2354 quod
898 2273 928 2335 iu
951 2276 1006 2340 ΙΙΙ.
1030 2274 1078 2337 18.
1100 2276 1205 2360 signi-

111 2382 220 2446 ficavit
232 2382 290 2455 (cl.
303 2389 331 2457 ς.
342 2381 392 2444 53.
404 2382 493 2445 Vlll.
505 2383 592 2465 tlt),
607 2384 831 2463 rempublicam
841 2390 987 2464 optimam
1000 2390 1108 2451 eadem
1118 2410 1205 2454 com·

108 2496 186 2570 poni
194 2483 446 2567 (conlocandos)
457 2497 589 2567 ratione,
608 2513 673 2574 pua
687 2498 735 2556 cs'r
751 2497 865 2557 erodat
874 2498 974 2560 bonus
985 2495 1206 2577 (σπουδαῖος).

113 2786 247 2851 Optima
263 2792 468 2854 respublica
485 2807 549 2858 cua
563 2793 705 2846 ratloue
720 2810 761 2848 ex
776 2798 932 2865 singull·
946 2802 1090 2858 olvlbus
1106 2807 1207 2860 bouis

417 2886 638 2953 (σπουδαίοις)
656 2900 898 2955 componatur.

211 2971 271 3023 aire
285 2970 388 3038 stupuit
403 2975 479 3027 cirea
496 2992 550 3041 qua
565 2981 670 3033 ratione
688 2983 752 3034 bool
769 2982 930 3053 (σκωδαῐοι)
945 2991 1100 3042 reddantur.

606 3107 634 3175 S.
657 3103 708 3165 49.

193 3222 246 3288 iix
273 3226 388 3307 quibus
417 3228 541 3295 civibus
570 3243 603 3298 et
633 3256 675 3299 ex
705 3235 853 3318 qualibus
881 3239 1000 3321 optima
1030 3244 1208 3324 respublica

112 3333 333 3413 componenda
354 3337 414 3419 sit,
437 3337 588 3425 dicturus,
617 3347 751 3425 primum
779 3361 1007 3414 commemorat
1028 3350 1110 3415 duas
1132 3371 1208 3417 esse

108 3458 175 3520 res,
197 3460 326 3523 quarum
348 3445 390 3508 sit
411 3446 556 3512 habenda
576 3451 666 3517 ratio.
710 3454 830 3536 Unam,
857 3465 894 3520 ut
922 3456 994 3522 fluis
1014 3471 1207 3544 proponatur

108 3565 208 3610 verus
240 3560 273 3612 et
302 3550 421 3632 iustus3
447 3558 597 3639 alteram,
631 3566 665 3621 ut
691 3560 894 3646 exploretur,
923 3567 1036 3647 quibus
1062 3567 1208 3631 bomines

110 3653 204 3717 linem
219 3658 369 3740 consequi
383 3664 505 3739 possint
518 3664 703 3729 actionibus.
727 3664 876 3750 Optimae
893 3671 989 3754 igitur
1002 3674 1207 3757 reipublicae,

108 3761 139 3823 iu
160 3780 224 3844 qua
245 3763 343 3827 vitam
365 3767 457 3829 cives
478 3766 595 3850 degant
616 3773 743 3838 beatam
764 3775 818 3838 vel
835 3779 986 3861 maxime,
1009 3783 1205 3861 propositam

109 3888 185 3934 esse
206 3873 250 3935 ait
269 3873 504 3937 beatitudinem.
527 3876 619 3943 Haeo
633 3880 703 3961 ipsa
717 3893 822 3947 autem
847 3887 985 3948 cernitur
1008 3888 1038 3948 in
1060 3879 1206 3975 ἐνεργείᾳ

107 3978 299 4063 uirtutisque
317 3999 377 4044 usu
396 3981 539 4063 perlecto
556 3986 781 4068 simplicitcr1).
804 3992 945 4056 Virtutis
963 3993 1087 4076 quidem
1105 4018 1207 4086 χορη-

127 4213 158 4274 1)
177 4217 229 4266 Ροι·
252 4217 315 4269 milri
338 4219 432 4272 mirum
458 4221 545 4275 visura
570 4229 627 4289 est,
651 4227 723 4292 quod
740 4230 766 4278 b.
782 4226 801 4277 1.
818 4233 845 4279 et
862 4228 889 4279 in
906 4243 964 4294 cap.
983 4231 1029 4284 lx.
1047 4234 1207 4287 Aristoteles

175 4304 336 4377 oilarportar
360 4314 459 4368 ebriare
483 4319 576 4372 verbis
593 4318 724 4386 &trivit
739 4319 837 4385 rotam
856 4336 922 4376 usus
939 4330 983 4378 eat
1000 4326 1117 4391 scriptor
1134 4329 1206 4380 blor.
