2730 4816
99 627 100 630 Ἴ
165 566 254 616 sillum
272 567 323 617 hoc
340 569 434 617 modo:
460 569 490 618 ln
508 568 608 618 Rttlois
625 568 792 632 propositum
811 567 837 617 ld
855 552 981 618 habuisse
1000 565 1201 630 philosophum,

164 661 193 706 ut
215 655 324 722 eloquii
346 657 473 707 domines
496 668 549 720 qua
571 657 677 708 ratione
699 659 846 722 quibusque
870 659 951 709 rebus
969 658 1031 708 boul
1049 661 1201 709 evaderent

163 747 351 851 omnifluus*
355 747 468 809 praediti
486 748 650 812 virtutibus,
667 758 823 812 exponeret
866 743 968 800 Deinde
985 746 1089 800 lerninis
1108 764 1201 812 oppo-

162 846 232 893 nunt
247 810 429 897 anuomioa
446 848 471 891 et
490 842 611 892 Politice.
647 845 675 890 ln
687 842 872 894 Oeconomicls
887 843 955 892 enlm
975 843 999 891 id
1018 854 1077 892 eum
1096 843 1200 908 egisse,

164 939 194 984 ut
210 928 331 999 senilia
348 948 400 995 quo
420 937 497 983 niodo
515 937 547 984 od
569 936 694 984 virtutem
713 935 917 998 perduceretur,
937 936 1099 982 ostenderet
1120 933 1199 982 Tota

161 1027 259 1076 autern
281 1025 387 1076 civitas
411 1026 505 1088 quibus
528 1025 650 1089 legibus,
679 1037 733 1089 qua
757 1026 801 1074 vis
824 1026 951 1074 virtutem
984 1029 1201 1086 consequeretur

163 1119 298 1183 vitamque
316 1121 432 1186 beatem,
448 1135 507 1172 eum
526 1122 720 1186 explicassem
739 1122 870 1174 l’olltiels.
888 1123 941 1171 Sed
953 1122 1106 1193 Eihlporum
1124 1134 1196 1173 euti·

161 1212 214 1261 silli
233 1213 411 1264 definitionem
431 1214 508 1264 istam
527 1216 628 1279 quidem
647 1226 702 1263 nou
720 1220 905 1277 emeterium,
923 1215 1020 1273 velen
1039 1211 1128 1262 videre
1148 1215 1199 1262 de·

163 1300 273 1365 tenent,
290 1306 360 1366 quod
381 1305 466 1354 bonus
484 1316 517 1353 ex
535 1300 691 1354 Aristotelis
708 1303 846 1353 sententia
865 1315 942 1353 nemo
961 1307 1113 1364 potestant
1135 1301 1196 1353 fleri

164 1396 213 1440 ant
231 1404 299 1456 esse,
318 1393 378 1457 quin
398 1392 424 1443 ln
444 1386 518 1444 clviii
536 1394 612 1443 vivat
628 1393 825 1445 communitate.
861 1395 888 1441 ld
908 1406 1012 1457 quoque
1031 1393 1070 1442 eis
1087 1394 1200 1443 dubite-

166 1483 265 1533 tionsm
284 1495 391 1533 morere
409 1485 569 1547 oportebat,
594 1485 665 1547 quod
689 1494 722 1531 ne
746 1483 805 1531 ullo
829 1480 933 1544 quidem
959 1483 1035 1545 loco,
1061 1494 1147 1544 neque
1170 1482 1199 1535 ir

164 1575 319 1627 Ethicorum
339 1578 374 1638 Χ,
393 1588 476 1638 neque
490 1576 514 1625 ln
525 1574 700 1624 Politicnrum
711 1575 774 1624 vill
787 1574 865 1624 libris
877 1575 1044 1626 Aristoteles
1060 1588 1090 1624 se
1108 1577 1182 1639 signi
1194 1610 1202 1619 .

163 1665 257 1716 tenvis
273 1668 299 1716 lo
320 1667 420 1717 littlcis
439 1674 589 1721 monstrare
606 1671 653 1716 aut
671 1673 839 1742 monstrasse
857 1667 944 1729 ulem,
966 1679 1020 1732 qua
1042 1665 1142 1730 singuli
1163 1668 1200 1718 ad

166 1759 354 1823 beatitudinem
382 1737 563 1823 virtutemque
590 1758 732 1820 pervenire
758 1764 870 1819 possent
896 1760 1022 1823 domines.
1066 1762 1101 1807 rt
1129 1771 1201 1808 veru

168 1828 322 1898 [triticorum
348 1849 415 1899 illud
440 1853 509 1913 quod
538 1863 592 1900 uox
619 1850 734 1900 diximus
759 1852 900 1901 consilium
920 1852 1112 1913 comprobetur
1128 1863 1202 1913 gre-

168 1940 284 1988 vlssimis
305 1953 372 2003 quae
398 1941 538 1993 attulimus
564 1944 750 2007 argumentis,
774 1957 807 1994 ec
825 1957 916 1993 verum
936 1944 959 1991 id
979 1957 1038 1991 esse
1057 1941 1202 2007 intelliget,

168 2034 329 2096 quicunqne.
347 2034 424 2084 nullu
442 2034 627 2096 praeiudicata
644 2037 782 2100 opinione,
801 2040 834 2087 ad
853 2036 948 2087 Etiics
966 2037 1129 2099 perlegenda
1145 2045 1201 2085 ac-

165 2121 288 2174 cesserit.
321 2126 377 2174 sed
395 2129 465 2175 ende
482 2138 560 2176 error
577 2127 628 2176 iste
648 2133 724 2175 ortus
743 2133 785 2176 est
803 2138 887 2188 prope
905 2121 1091 2182 inoredliiilisii
1108 2125 1201 2174 Pilio·-

166 2216 267 2275 eoplius
284 2214 341 2276 lpse
360 2215 487 2283 inculpa
504 2222 578 2268 certe
596 2229 649 2268 oon
668 2224 727 2282 est,
752 2232 831 2282 quum
848 2220 910 2281 quid
934 2218 1068 2281 voluerit,
1095 2218 1202 2271 diserte

171 2307 297 2357 elocutus
314 2307 357 2358 sit.
378 2305 470 2372 Quare
488 2309 543 2357 alia
561 2311 714 2370 quaerenda
731 2316 774 2360 est
790 2311 889 2360 erroris
907 2322 984 2360 ansa
1009 2308 1097 2375 Quum
1115 2309 1204 2373 igitar

173 2393 187 2464 ἦ
205 2398 345 2466 οῖιιονιιμιιι]1
361 2387 489 2465 domum,
506 2398 520 2466 ἢ
536 2399 647 2466 ιιιλιτιιηΙ
664 2403 755 2452 totam
774 2402 920 2451 civitatem
939 2403 1004 2451 bene
1022 2403 1203 2454 constitueret

116 2556 120 2561 ¹
170 2497 198 2542 et
214 2494 248 2541 ad
266 2494 390 2543 virtutem
410 2492 548 2543 colendam
567 2495 723 2555 adiuvaret,
741 2492 864 2542 dilucidis
882 2493 975 2542 verbis
992 2493 1204 2557 praetermissis,

170 2584 344 2635 coniecerunt
361 2584 491 2649 einpulos
508 2584 635 2635 homines
653 2587 763 2634 reddere
781 2585 867 2634 brinos
878 2585 1050 2634 Aristotelem
1066 2584 1205 2633 studuisse

114 2688 117 2695 ·
169 2676 196 2725 in
223 2675 334 2726 Etticie.
373 2675 427 2742 Qui
449 2688 529 2727 error
550 2677 602 2726 lam
626 2677 653 2727 ln
677 2688 770 2727 eorum
792 2679 895 2728 animos
918 2676 1064 2739 irrepsisse
1082 2676 1205 2741 videtur,

169 2769 264 2831 quihus
283 2769 441 2819 Aristotelis
459 2769 583 2820 doctrine
599 2770 699 2819 tradita
717 2777 761 2820 ost
779 2770 801 2821 G
826 2771 905 2819 ansis
924 2775 984 2832 post
999 2769 1057 2819 eius
1076 2773 1201 2820 mortem.

159 2860 331 2923 Magnorum
348 2860 417 2909 enim
435 2859 520 2910 illinit.
536 2859 663 2924 scriptor,
681 2860 724 2923 pul
742 2843 850 2910 circiter
866 2860 888 2909 c
905 2861 984 2910 annis
1002 2867 1064 2922 post
1085 2860 1200 2909 Aristo-

171 2951 249 3002 telem
273 2951 372 3003 vixisse
393 2956 515 3014 putatur,
541 2952 665 3015 magistri
689 2954 851 3003 seutentiam
876 2963 930 3001 aon
954 2958 1078 3026 secutus,
1103 2948 1126 2997 id
1151 2950 1206 3005 sibl

172 3047 328 3114 proposuit,
346 3052 376 3095 ut
394 3028 557 3112 explicaret,
576 3061 628 3111 qua
646 3049 755 3097 ratione
772 3061 805 3099 ae
823 3048 869 3096 vie
889 3048 1012 3097 virtutem
1032 3046 1132 3110 singuli
1152 3047 1204 3096 lio·

172 3125 254 3187 mines
272 3140 509 3201 consequerentur.
549 3141 718 3203 Argumento
738 3146 780 3189 est
798 3139 881 3201 ipsum
900 3135 1003 3187 initium
1018 3132 1120 3200 'Ensidp'
1138 3154 1207 3200 προ·

172 3224 310 3292 mpov'psda
326 3229 404 3296 λέγειν
422 3224 483 3294 ὑπὲρ
500 3222 602 3293 ἠθικῶν,
614 3230 718 3296 πρῶτον
733 3224 766 3279 ὃν
784 3219 960 3292 ιῖηοιιιπτιόν
976 3230 1044 3283 τίνος
1060 3224 1112 3275 tori
1130 3224 1206 3291 μέρος

171 3315 201 3367 ro'
217 3312 287 3382 ἦθος.
308 3313 352 3374 Ὡς
363 3335 366 3340 ·
377 3321 425 3383 pir
443 3314 487 3369 οὖν
504 3317 632 3385 συντόμως
649 3319 739 3380 εἰπεῖν,
756 3312 826 3369 δοκεῖ
843 3313 888 3367 οὔκ
904 3313 974 3382 ἄλλος
991 3311 1005 3382 ἢ
1022 3319 1064 3382 τῆς
1080 3318 1206 3382 πολιτικῆς

171 3410 235 3462 εἶναι
244 3416 324 3478 μέρος.
337 3411 411 3463 Ἔστι
427 3410 473 3480 γιὶρ
490 3409 567 3465 οὐθὲν
583 3412 611 3465 ἓν
629 3421 680 3472 τοῖς
696 3416 830 3470 πολιτικοῖς
847 3409 957 3462 δυνατόν
973 3412 1063 3481 πρᾶξαι
1078 3407 1138 3460 ἄνευ
1155 3413 1205 3460 τοῦ

172 3503 248 3557 ποῖόν
266 3525 321 3556 τινα
337 3505 408 3569 οἶνοι,
423 3509 486 3575 λέγω
501 3505 526 3557 δ’
536 3497 590 3558 οἷον
604 3503 751 3558 σπουδαῖον.
773 3501 808 3557 Ίῖ
824 3501 854 3554 δὲ
869 3499 1008 3554 σπουδαῖον
1024 3502 1091 3553 οἶνοί
1105 3500 1158 3552 lori
1174 3498 1206 3552 τό

171 3592 398 3666 τᾰςᾶριτιὶςέχιιν.
415 3600 463 3648 Ari
476 3595 524 3665 ἄρα
538 3600 563 3648 el
580 3616 615 3655 τις
632 3599 714 3663 pitto
730 3594 758 3647 dr
774 3600 826 3652 τοῖς
843 3596 976 3654 πολιτικοῖς
993 3591 1125 3661 πρακτικὰ
1142 3592 1206 3644 εἶναι

170 3686 201 3739 ro'
216 3683 278 3754 ἦθος
295 3688 358 3742 εἶναι
374 3687 517 3747 σπουδαῖος.
534 3709 562 3742 κ.
578 3708 604 3740 τ.
623 3691 645 3739 L
680 3691 779 3740 Postea
795 3699 863 3737 velo
880 3699 959 3738 emi·
975 3687 1056 3737 latitia
1073 3685 1205 3748 manavit,

171 3784 205 3832 ad
230 3795 307 3846 quern
331 3782 378 3831 vla
400 3795 470 3832 sanc
492 3781 598 3832 lubrica
616 3780 667 3830 tuit
682 3787 710 3829 et
726 3790 821 3840 prona
855 3781 934 3830 lianc
952 3779 1049 3828 laisan
1068 3780 1100 3827 de
1118 3778 1205 3827 little.

171 3871 289 3921 oonsilio
309 3872 471 3923 seutentiam
495 3870 617 3920 invenies
638 3870 710 3930 epod
736 3871 863 3920 ioannem
882 3871 960 3919 llam.
984 3869 1208 3933 resplendesceret,

171 3968 242 4028 apud
261 3966 427 4017 [lusti-etism
445 3965 470 4015 in
483 3964 549 4014 liti.
566 3963 588 4013 l.
608 3961 677 4026 iu),
693 3962 820 4014 i'iornsrn
838 3960 1017 4023 Aquinatem,
1034 3959 1115 4009 ellos
1150 3959 1206 4008 lie·

126 4157 156 4224 1)
175 4157 326 4223 „licetretii
350 4157 510 4208 stallorum
529 4152 673 4219 insignium
691 4150 857 4221 Peripatetic.
882 4160 979 4204 coum.
994 4147 1023 4203 ln
1040 4148 1061 4201 l·
1077 4150 1103 4204 Χ
1120 4145 1208 4201 erist.

174 4256 206 4303 de
223 4250 341 4302 moribus
359 4251 394 4300 ad
411 4249 536 4302 Ninom.“
555 4251 654 4304 Venas.
