<?xml version="1.0" encoding="UTF-8"?>
<!DOCTYPE html PUBLIC "-//W3C//DTD XHTML 1.0 Transitional//EN"
    "http://www.w3.org/TR/xhtml1/DTD/xhtml1-transitional.dtd">
<html xmlns="http://www.w3.org/1999/xhtml" xml:lang="en" lang="en">
 <head>
  <title>
</title>
<meta http-equiv="Content-Type" content="text/html;charset=utf-8" />
  <meta name='ocr-system' content='tesseract 3.04.00' />
  <meta name='ocr-capabilities' content='ocr_page ocr_carea ocr_par ocr_line ocrx_word'/>
</head>
<body>
  <div class='ocr_page' id='page_1' title='image "./dearistotelispo00nickgoog_0100.png"; bbox 0 0 2730 4816; ppageno 0'>
   <div class='ocr_carea' id='block_1_1' title="bbox 124 585 1232 1538">
    <p class='ocr_par' dir='ltr' id='par_1_1' title="bbox 124 585 1232 1538">
     <span class='ocr_line' id='line_1_1' title="bbox 126 585 1232 674; baseline 0.003 -19"><span class='ocrx_word' id='word_1_1' title='bbox 126 585 181 674; x_wconf 74' lang='lat' dir='ltr'><strong>ylo</strong></span> <span class='ocrx_word' id='word_1_2' title='bbox 211 608 293 674; x_wconf 81' lang='lat' dir='ltr'><strong>quae</strong></span> <span class='ocrx_word' id='word_1_3' title='bbox 314 591 437 654; x_wconf 84' lang='lat' dir='ltr'><strong>eivitati</strong></span> <span class='ocrx_word' id='word_1_4' title='bbox 457 591 642 655; x_wconf 82' lang='lat' dir='ltr'><strong>neeessaria</strong></span> <span class='ocrx_word' id='word_1_5' title='bbox 662 600 716 654; x_wconf 85' lang='lat' dir='ltr'><strong>est</strong></span> <span class='ocrx_word' id='word_1_6' title='bbox 749 591 960 672; x_wconf 84' lang='lat' dir='ltr'><strong>prodaisoitur</strong></span> <span class='ocrx_word' id='word_1_7' title='bbox 980 612 1002 657; x_wconf 83' lang='lat' dir='ltr'><strong>a</strong></span> <span class='ocrx_word' id='word_1_8' title='bbox 1022 593 1149 658; x_wconf 69' lang='lat' dir='ltr'><strong>senuna</strong></span> <span class='ocrx_word' id='word_1_9' title='bbox 1167 610 1232 658; x_wconf 80' lang='lat' dir='ltr'><strong>se-</strong></span> 
     </span>
     <span class='ocr_line' id='line_1_2' title="bbox 126 696 1230 782; baseline 0.002 -19"><span class='ocrx_word' id='word_1_10' title='bbox 126 699 246 764; x_wconf 84' lang='lat' dir='ltr'><strong>ouuda:</strong></span> <span class='ocrx_word' id='word_1_11' title='bbox 269 698 371 761; x_wconf 87' lang='lat' dir='ltr'><strong>virtus</strong></span> <span class='ocrx_word' id='word_1_12' title='bbox 393 717 473 760; x_wconf 84' lang='lat' dir='ltr'><strong>vero</strong></span> <span class='ocrx_word' id='word_1_13' title='bbox 493 699 564 779; x_wconf 79' lang='lat' dir='ltr'><strong>ipsa</strong></span> <span class='ocrx_word' id='word_1_14' title='bbox 585 696 695 779; x_wconf 73' lang='lat' dir='ltr'><strong>perflui</strong></span> <span class='ocrx_word' id='word_1_15' title='bbox 715 719 777 762; x_wconf 90' lang='lat' dir='ltr'><strong>oon</strong></span> <span class='ocrx_word' id='word_1_16' title='bbox 800 699 924 762; x_wconf 83' lang='lat' dir='ltr'><strong>fortuna</strong></span> <span class='ocrx_word' id='word_1_17' title='bbox 944 709 1062 782; x_wconf 83' lang='lat' dir='ltr'><strong>potest,</strong></span> <span class='ocrx_word' id='word_1_18' title='bbox 1078 701 1137 764; x_wconf 85' lang='lat' dir='ltr'><strong>aad</strong></span> <span class='ocrx_word' id='word_1_19' title='bbox 1153 704 1230 766; x_wconf 81' lang='lat' dir='ltr'><strong>sota</strong></span> 
     </span>
     <span class='ocr_line' id='line_1_3' title="bbox 127 805 1228 888; baseline 0.002 -17"><span class='ocrx_word' id='word_1_20' title='bbox 127 807 263 871; x_wconf 80' lang='lat' dir='ltr'><strong>seientia</strong></span> <span class='ocrx_word' id='word_1_21' title='bbox 286 825 325 869; x_wconf 83' lang='lat' dir='ltr'><strong>aa</strong></span> <span class='ocrx_word' id='word_1_22' title='bbox 347 806 518 867; x_wconf 79' lang='lat' dir='ltr'><strong>voluntate.</strong></span> <span class='ocrx_word' id='word_1_23' title='bbox 561 805 628 867; x_wconf 84' lang='lat' dir='ltr'><strong>iam</strong></span> <span class='ocrx_word' id='word_1_24' title='bbox 651 813 757 868; x_wconf 84' lang='lat' dir='ltr'><strong>autem</strong></span> <span class='ocrx_word' id='word_1_25' title='bbox 780 825 875 888; x_wconf 88' lang='lat' dir='ltr'><strong>quum</strong></span> <span class='ocrx_word' id='word_1_26' title='bbox 896 825 937 868; x_wconf 87' lang='lat' dir='ltr'><strong>aa</strong></span> <span class='ocrx_word' id='word_1_27' title='bbox 963 808 1082 871; x_wconf 75' lang='lat' dir='ltr'><strong>divitas</strong></span> <span class='ocrx_word' id='word_1_28' title='bbox 1103 811 1228 873; x_wconf 81' lang='lat' dir='ltr'><strong>virtute</strong></span> 
     </span>
     <span class='ocr_line' id='line_1_4' title="bbox 124 915 1228 999; baseline 0.002 -20"><span class='ocrx_word' id='word_1_29' title='bbox 124 915 268 999; x_wconf 84' lang='lat' dir='ltr'><strong>praedita</strong></span> <span class='ocrx_word' id='word_1_30' title='bbox 289 916 345 995; x_wconf 87' lang='lat' dir='ltr'><strong>sit,</strong></span> <span class='ocrx_word' id='word_1_31' title='bbox 375 916 405 975; x_wconf 87' lang='lat' dir='ltr'><strong>io</strong></span> <span class='ocrx_word' id='word_1_32' title='bbox 434 933 498 996; x_wconf 84' lang='lat' dir='ltr'><strong>qua</strong></span> <span class='ocrx_word' id='word_1_33' title='bbox 524 915 642 997; x_wconf 77' lang='lat' dir='ltr'><strong>singuli</strong></span> <span class='ocrx_word' id='word_1_34' title='bbox 675 933 746 978; x_wconf 87' lang='lat' dir='ltr'><strong>eam</strong></span> <span class='ocrx_word' id='word_1_35' title='bbox 775 915 867 976; x_wconf 81' lang='lat' dir='ltr'><strong>nives</strong></span> <span class='ocrx_word' id='word_1_36' title='bbox 894 915 1017 981; x_wconf 77' lang='lat' dir='ltr'><strong>uniuntt</strong></span> <span class='ocrx_word' id='word_1_37' title='bbox 1052 915 1228 981; x_wconf 83' lang='lat' dir='ltr'><strong>videndam</strong></span> 
     </span>
     <span class='ocr_line' id='line_1_5' title="bbox 125 1017 1227 1106; baseline 0.001 -20"><span class='ocrx_word' id='word_1_38' title='bbox 125 1033 189 1106; x_wconf 87' lang='lat' dir='ltr'><strong>est,</strong></span> <span class='ocrx_word' id='word_1_39' title='bbox 211 1024 324 1106; x_wconf 85' lang='lat' dir='ltr'><strong>quibus</strong></span> <span class='ocrx_word' id='word_1_40' title='bbox 343 1023 437 1083; x_wconf 87' lang='lat' dir='ltr'><strong>rebus</strong></span> <span class='ocrx_word' id='word_1_41' title='bbox 452 1022 570 1103; x_wconf 78' lang='lat' dir='ltr'><strong>singuli</strong></span> <span class='ocrx_word' id='word_1_42' title='bbox 584 1021 756 1086; x_wconf 88' lang='lat' dir='ltr'><strong>reddantur</strong></span> <span class='ocrx_word' id='word_1_43' title='bbox 770 1017 956 1084; x_wconf 67' lang='grc' dir='ltr'><strong><em>σπουδαῖοι,</em></strong></span> <span class='ocrx_word' id='word_1_44' title='bbox 999 1024 1096 1087; x_wconf 70' lang='lat' dir='ltr'><strong>Fiunt</strong></span> <span class='ocrx_word' id='word_1_45' title='bbox 1115 1033 1227 1087; x_wconf 82' lang='lat' dir='ltr'><strong>autom</strong></span> 
     </span>
     <span class='ocr_line' id='line_1_6' title="bbox 126 1130 1231 1215; baseline 0.002 -20"><span class='ocrx_word' id='word_1_46' title='bbox 126 1131 272 1195; x_wconf 86' lang='lat' dir='ltr'><strong>homines</strong></span> <span class='ocrx_word' id='word_1_47' title='bbox 301 1130 395 1211; x_wconf 85' lang='lat' dir='ltr'><strong>boni,</strong></span> <span class='ocrx_word' id='word_1_48' title='bbox 428 1139 463 1193; x_wconf 88' lang='lat' dir='ltr'><strong>ut</strong></span> <span class='ocrx_word' id='word_1_49' title='bbox 489 1131 551 1193; x_wconf 83' lang='lat' dir='ltr'><strong>iam</strong></span> <span class='ocrx_word' id='word_1_50' title='bbox 572 1131 602 1192; x_wconf 86' lang='lat' dir='ltr'><strong>iu</strong></span> <span class='ocrx_word' id='word_1_51' title='bbox 625 1131 748 1194; x_wconf 77' lang='lat' dir='ltr'><strong>Ethiois</strong></span> <span class='ocrx_word' id='word_1_52' title='bbox 771 1130 888 1193; x_wconf 79' lang='lat' dir='ltr'><strong>dictum</strong></span> <span class='ocrx_word' id='word_1_53' title='bbox 912 1140 974 1212; x_wconf 86' lang='lat' dir='ltr'><strong>est,</strong></span> <span class='ocrx_word' id='word_1_54' title='bbox 996 1141 1121 1215; x_wconf 83' lang='lat' dir='ltr'><strong>natura,</strong></span> <span class='ocrx_word' id='word_1_55' title='bbox 1143 1146 1231 1196; x_wconf 55' lang='lat' dir='ltr'><strong>nond</strong></span> 
     </span>
     <span class='ocr_line' id='line_1_7' title="bbox 125 1223 1228 1324; baseline 0.003 -23"><span class='ocrx_word' id='word_1_56' title='bbox 125 1236 308 1316; x_wconf 79' lang='lat' dir='ltr'><strong>suetudine,</strong></span> <span class='ocrx_word' id='word_1_57' title='bbox 329 1236 491 1318; x_wconf 84' lang='lat' dir='ltr'><strong>diaoiplioa</strong></span> <span class='ocrx_word' id='word_1_58' title='bbox 508 1223 639 1320; x_wconf 72' lang='grc' dir='ltr'><strong>(λόγῳ).</strong></span> <span class='ocrx_word' id='word_1_59' title='bbox 663 1235 784 1317; x_wconf 79' lang='lat' dir='ltr'><strong>Quales</strong></span> <span class='ocrx_word' id='word_1_60' title='bbox 800 1240 893 1300; x_wconf 81' lang='lat' dir='ltr'><strong>odvea</strong></span> <span class='ocrx_word' id='word_1_61' title='bbox 908 1249 1021 1303; x_wconf 81' lang='lat' dir='ltr'><strong>natura</strong></span> <span class='ocrx_word' id='word_1_62' title='bbox 1034 1257 1111 1304; x_wconf 85' lang='lat' dir='ltr'><strong>essa</strong></span> <span class='ocrx_word' id='word_1_63' title='bbox 1125 1259 1228 1324; x_wconf 89' lang='lat' dir='ltr'><strong>opor·-</strong></span> 
     </span>
     <span class='ocr_line' id='line_1_8' title="bbox 125 1344 1226 1427; baseline 0.006 -20"><span class='ocrx_word' id='word_1_64' title='bbox 125 1354 204 1427; x_wconf 88' lang='lat' dir='ltr'><strong>teat‚</strong></span> <span class='ocrx_word' id='word_1_65' title='bbox 226 1363 323 1426; x_wconf 90' lang='lat' dir='ltr'><strong>sopra</strong></span> <span class='ocrx_word' id='word_1_66' title='bbox 344 1345 424 1407; x_wconf 86' lang='lat' dir='ltr'><strong>satis</strong></span> <span class='ocrx_word' id='word_1_67' title='bbox 446 1345 640 1426; x_wconf 75' lang='lat' dir='ltr'><strong>explicatum</strong></span> <span class='ocrx_word' id='word_1_68' title='bbox 662 1355 723 1407; x_wconf 88' lang='lat' dir='ltr'><strong>est.</strong></span> <span class='ocrx_word' id='word_1_69' title='bbox 754 1344 964 1410; x_wconf 79' lang='lat' dir='ltr'><strong>Consuetudo</strong></span> <span class='ocrx_word' id='word_1_70' title='bbox 987 1358 1092 1411; x_wconf 89' lang='lat' dir='ltr'><strong>autem</strong></span> <span class='ocrx_word' id='word_1_71' title='bbox 1114 1361 1149 1414; x_wconf 84' lang='lat' dir='ltr'><strong>at</strong></span> <span class='ocrx_word' id='word_1_72' title='bbox 1172 1350 1226 1415; x_wconf 90' lang='lat' dir='ltr'><strong>di-</strong></span> 
     </span>
     <span class='ocr_line' id='line_1_9' title="bbox 124 1446 1223 1538; baseline 0.005 -22"><span class='ocrx_word' id='word_1_73' title='bbox 124 1451 258 1534; x_wconf 84' lang='lat' dir='ltr'><strong>soipiioa</strong></span> <span class='ocrx_word' id='word_1_74' title='bbox 278 1452 318 1515; x_wconf 88' lang='lat' dir='ltr'><strong>ad</strong></span> <span class='ocrx_word' id='word_1_75' title='bbox 341 1454 515 1515; x_wconf 88' lang='lat' dir='ltr'><strong>bonitatem</strong></span> <span class='ocrx_word' id='word_1_76' title='bbox 536 1451 590 1513; x_wconf 85' lang='lat' dir='ltr'><strong>vai</strong></span> <span class='ocrx_word' id='word_1_77' title='bbox 612 1446 750 1515; x_wconf 85' lang='lat' dir='ltr'><strong>maximo</strong></span> <span class='ocrx_word' id='word_1_78' title='bbox 771 1454 893 1534; x_wconf 80' lang='lat' dir='ltr'><strong>valent,</strong></span> <span class='ocrx_word' id='word_1_79' title='bbox 915 1474 1010 1538; x_wconf 82' lang='lat' dir='ltr'><strong>quum</strong></span> <span class='ocrx_word' id='word_1_80' title='bbox 1032 1456 1223 1524; x_wconf 84' lang='lat' dir='ltr'><strong>oivesedu-</strong></span> 
     </span>
    </p>
   </div>
   <div class='ocr_carea' id='block_1_2' title="bbox 127 1561 1227 1651">
    <p class='ocr_par' dir='ltr' id='par_1_2' title="bbox 127 1561 1227 1651">
     <span class='ocr_line' id='line_1_10' title="bbox 127 1561 1227 1651; baseline 0.006 -25"><span class='ocrx_word' id='word_1_81' title='bbox 127 1573 238 1626; x_wconf 83' lang='lat' dir='ltr'><strong>centur</strong></span> <span class='ocrx_word' id='word_1_82' title='bbox 246 1570 278 1627; x_wconf 85' lang='lat' dir='ltr'><strong>et</strong></span> <span class='ocrx_word' id='word_1_83' title='bbox 286 1562 496 1640; x_wconf 69' lang='lat' dir='ltr'><strong>diametrum</strong></span> <span class='ocrx_word' id='word_1_84' title='bbox 507 1561 738 1651; x_wconf 73' lang='lat' dir='ltr'><strong>assuescendo,</strong></span> <span class='ocrx_word' id='word_1_85' title='bbox 745 1571 810 1625; x_wconf 92' lang='lat' dir='ltr'><strong>tum</strong></span> <span class='ocrx_word' id='word_1_86' title='bbox 822 1561 978 1627; x_wconf 85' lang='lat' dir='ltr'><strong>audiendo</strong></span> <span class='ocrx_word' id='word_1_87' title='bbox 986 1564 1227 1641; x_wconf 57' lang='lat' dir='ltr'><strong>(Pol-Vina)</strong></span> 
     </span>
    </p>
   </div>
   <div class='ocr_carea' id='block_1_3' title="bbox 227 1775 1116 1979">
    <p class='ocr_par' dir='ltr' id='par_1_3' title="bbox 227 1775 1116 1979">
     <span class='ocr_line' id='line_1_11' title="bbox 617 1775 861 1847; baseline -0.004 -11"><span class='ocrx_word' id='word_1_88' title='bbox 617 1775 719 1847; x_wconf 66' lang='lat' dir='ltr'><strong>tuo.</strong></span> <span class='ocrx_word' id='word_1_89' title='bbox 792 1785 795 1791; x_wconf 84' lang='lat'>&#39;</span> <span class='ocrx_word' id='word_1_90' title='bbox 855 1824 861 1835; x_wconf 91' lang='lat'><strong>.</strong></span> 
     </span>
     <span class='ocr_line' id='line_1_12' title="bbox 227 1904 1116 1979; baseline -0.004 -17"><span class='ocrx_word' id='word_1_91' title='bbox 227 1909 452 1979; x_wconf 75' lang='lat' dir='ltr'><strong>Quemadmodum</strong></span> <span class='ocrx_word' id='word_1_92' title='bbox 469 1910 548 1962; x_wconf 84' lang='lat' dir='ltr'><strong>oivaa</strong></span> <span class='ocrx_word' id='word_1_93' title='bbox 565 1907 695 1958; x_wconf 73' lang='lat' dir='ltr'><strong>educandi</strong></span> <span class='ocrx_word' id='word_1_94' title='bbox 712 1907 777 1970; x_wconf 86' lang='lat' dir='ltr'><strong>aiut,</strong></span> <span class='ocrx_word' id='word_1_95' title='bbox 795 1911 825 1957; x_wconf 86' lang='lat' dir='ltr'><strong>ut</strong></span> <span class='ocrx_word' id='word_1_96' title='bbox 840 1904 971 1958; x_wconf 74' lang='grc' dir='ltr'><strong>σπουδαῖα</strong></span> <span class='ocrx_word' id='word_1_97' title='bbox 988 1908 1116 1958; x_wconf 75' lang='lat' dir='ltr'><strong>evadam.</strong></span> 
     </span>
    </p>
   </div>
   <div class='ocr_carea' id='block_1_4' title="bbox 126 2028 1229 2441">
    <p class='ocr_par' dir='ltr' id='par_1_4' title="bbox 126 2028 1229 2441">
     <span class='ocr_line' id='line_1_13' title="bbox 146 2028 1229 2116; baseline 0.004 -21"><span class='ocrx_word' id='word_1_98' title='bbox 146 2104 150 2109; x_wconf 54' lang='grc'>,</span> <span class='ocrx_word' id='word_1_99' title='bbox 213 2034 263 2095; x_wconf 86' lang='lat' dir='ltr'><strong>De</strong></span> <span class='ocrx_word' id='word_1_100' title='bbox 284 2030 535 2095; x_wconf 85' lang='lat' dir='ltr'><strong>ooosuaaoendia</strong></span> <span class='ocrx_word' id='word_1_101' title='bbox 556 2028 802 2113; x_wconf 86' lang='lat' dir='ltr'><strong>erudiendisque</strong></span> <span class='ocrx_word' id='word_1_102' title='bbox 830 2030 954 2094; x_wconf 84' lang='lat' dir='ltr'><strong>oivibna</strong></span> <span class='ocrx_word' id='word_1_103' title='bbox 983 2032 1045 2095; x_wconf 89' lang='lat' dir='ltr'><strong>rita</strong></span> <span class='ocrx_word' id='word_1_104' title='bbox 1070 2030 1229 2116; x_wconf 85' lang='lat' dir='ltr'><strong>disputari</strong></span> 
     </span>
     <span class='ocr_line' id='line_1_14' title="bbox 126 2136 1228 2223; baseline 0.002 -18"><span class='ocrx_word' id='word_1_105' title='bbox 126 2158 188 2205; x_wconf 89' lang='lat' dir='ltr'><strong>ooo</strong></span> <span class='ocrx_word' id='word_1_106' title='bbox 209 2143 338 2221; x_wconf 88' lang='lat' dir='ltr'><strong>poterit,</strong></span> <span class='ocrx_word' id='word_1_107' title='bbox 360 2140 420 2201; x_wconf 84' lang='lat' dir='ltr'><strong>uini</strong></span> <span class='ocrx_word' id='word_1_108' title='bbox 441 2137 538 2203; x_wconf 75' lang='lat' dir='ltr'><strong>suerit</strong></span> <span class='ocrx_word' id='word_1_109' title='bbox 564 2136 779 2221; x_wconf 73' lang='lat' dir='ltr'><strong>disceptatum</strong></span> <span class='ocrx_word' id='word_1_110' title='bbox 808 2141 913 2222; x_wconf 84' lang='lat' dir='ltr'><strong>prius,</strong></span> <span class='ocrx_word' id='word_1_111' title='bbox 942 2149 1045 2205; x_wconf 90' lang='lat' dir='ltr'><strong>utrum</strong></span> <span class='ocrx_word' id='word_1_112' title='bbox 1075 2141 1130 2223; x_wconf 90' lang='lat' dir='ltr'><strong>qui</strong></span> <span class='ocrx_word' id='word_1_113' title='bbox 1159 2141 1228 2207; x_wconf 82' lang='lat' dir='ltr'><strong>iut-</strong></span> 
     </span>
     <span class='ocr_line' id='line_1_15' title="bbox 127 2246 1224 2332; baseline 0.003 -21"><span class='ocrx_word' id='word_1_114' title='bbox 127 2259 240 2332; x_wconf 86' lang='lat' dir='ltr'><strong>pereat</strong></span> <span class='ocrx_word' id='word_1_115' title='bbox 261 2260 293 2312; x_wconf 90' lang='lat' dir='ltr'><strong>et</strong></span> <span class='ocrx_word' id='word_1_116' title='bbox 314 2249 367 2331; x_wconf 88' lang='lat' dir='ltr'><strong>qui</strong></span> <span class='ocrx_word' id='word_1_117' title='bbox 388 2258 521 2329; x_wconf 86' lang='lat' dir='ltr'><strong>pareant</strong></span> <span class='ocrx_word' id='word_1_118' title='bbox 542 2246 655 2315; x_wconf 89' lang='lat' dir='ltr'><strong>eodem</strong></span> <span class='ocrx_word' id='word_1_119' title='bbox 678 2247 772 2311; x_wconf 91' lang='lat' dir='ltr'><strong>modo</strong></span> <span class='ocrx_word' id='word_1_120' title='bbox 793 2246 948 2312; x_wconf 86' lang='lat' dir='ltr'><strong>eduoaudi</strong></span> <span class='ocrx_word' id='word_1_121' title='bbox 971 2250 1054 2330; x_wconf 86' lang='lat' dir='ltr'><strong>sint,</strong></span> <span class='ocrx_word' id='word_1_122' title='bbox 1083 2268 1124 2312; x_wconf 80' lang='lat' dir='ltr'><strong>an</strong></span> <span class='ocrx_word' id='word_1_123' title='bbox 1145 2250 1224 2314; x_wconf 86' lang='lat' dir='ltr'><strong>alio.</strong></span> 
     </span>
     <span class='ocr_line' id='line_1_16' title="bbox 128 2355 1228 2441; baseline 0.003 -22"><span class='ocrx_word' id='word_1_124' title='bbox 128 2355 200 2435; x_wconf 81' lang='lat' dir='ltr'><strong>Qua</strong></span> <span class='ocrx_word' id='word_1_125' title='bbox 221 2357 346 2439; x_wconf 89' lang='lat' dir='ltr'><strong>quidem</strong></span> <span class='ocrx_word' id='word_1_126' title='bbox 367 2361 556 2441; x_wconf 76' lang='lat' dir='ltr'><strong>quaestione</strong></span> <span class='ocrx_word' id='word_1_127' title='bbox 576 2357 732 2440; x_wconf 84' lang='lat' dir='ltr'><strong>instituta,</strong></span> <span class='ocrx_word' id='word_1_128' title='bbox 746 2356 786 2420; x_wconf 88' lang='lat' dir='ltr'><strong>de</strong></span> <span class='ocrx_word' id='word_1_129' title='bbox 798 2357 987 2422; x_wconf 79' lang='lat' dir='ltr'><strong>educatione</strong></span> <span class='ocrx_word' id='word_1_130' title='bbox 1001 2356 1228 2439; x_wconf 83' lang='lat' dir='ltr'><strong>disputaturus</strong></span> 
     </span>
    </p>
   </div>
   <div class='ocr_carea' id='block_1_5' title="bbox 32 2463 1231 2549">
    <p class='ocr_par' dir='ltr' id='par_1_5' title="bbox 32 2463 1231 2549">
     <span class='ocr_line' id='line_1_17' title="bbox 32 2463 1231 2549; baseline 0.005 -23"><span class='ocrx_word' id='word_1_131' title='bbox 32 2484 33 2487; x_wconf 44' lang='lat'>¹</span> <span class='ocrx_word' id='word_1_132' title='bbox 127 2465 259 2548; x_wconf 85' lang='lat' dir='ltr'><strong>primum</strong></span> <span class='ocrx_word' id='word_1_133' title='bbox 291 2467 363 2549; x_wconf 86' lang='lat' dir='ltr'><strong>quis</strong></span> <span class='ocrx_word' id='word_1_134' title='bbox 392 2465 436 2529; x_wconf 90' lang='lat' dir='ltr'><strong>sit</strong></span> <span class='ocrx_word' id='word_1_135' title='bbox 463 2467 601 2547; x_wconf 78' lang='lat' dir='ltr'><strong>optimae</strong></span> <span class='ocrx_word' id='word_1_136' title='bbox 626 2464 714 2528; x_wconf 82' lang='lat' dir='ltr'><strong>vitae</strong></span> <span class='ocrx_word' id='word_1_137' title='bbox 744 2463 815 2528; x_wconf 83' lang='lat' dir='ltr'><strong>finis</strong></span> <span class='ocrx_word' id='word_1_138' title='bbox 842 2464 947 2530; x_wconf 86' lang='lat' dir='ltr'><strong>dooet.</strong></span> <span class='ocrx_word' id='word_1_139' title='bbox 989 2464 1102 2544; x_wconf 59' lang='lat' dir='ltr'><strong>Quum</strong></span> <span class='ocrx_word' id='word_1_140' title='bbox 1129 2465 1231 2548; x_wconf 81' lang='lat' dir='ltr'><strong>igitur</strong></span> 
     </span>
    </p>
   </div>
   <div class='ocr_carea' id='block_1_6' title="bbox 126 2571 1234 3850">
    <p class='ocr_par' dir='ltr' id='par_1_6' title="bbox 126 2571 1234 3850">
     <span class='ocr_line' id='line_1_18' title="bbox 126 2571 1230 2657; baseline 0.001 -19"><span class='ocrx_word' id='word_1_141' title='bbox 126 2577 269 2639; x_wconf 86' lang='lat' dir='ltr'><strong>ultimum</strong></span> <span class='ocrx_word' id='word_1_142' title='bbox 292 2578 333 2638; x_wconf 87' lang='lat' dir='ltr'><strong>sit</strong></span> <span class='ocrx_word' id='word_1_143' title='bbox 355 2585 386 2638; x_wconf 90' lang='lat' dir='ltr'><strong>et</strong></span> <span class='ocrx_word' id='word_1_144' title='bbox 406 2586 582 2639; x_wconf 86' lang='lat' dir='ltr'><strong>extremum</strong></span> <span class='ocrx_word' id='word_1_145' title='bbox 612 2574 658 2657; x_wconf 91' lang='lat' dir='ltr'><strong>id,</strong></span> <span class='ocrx_word' id='word_1_146' title='bbox 679 2574 720 2638; x_wconf 89' lang='lat' dir='ltr'><strong>ad</strong></span> <span class='ocrx_word' id='word_1_147' title='bbox 741 2573 826 2657; x_wconf 84' lang='lat' dir='ltr'><strong>quod</strong></span> <span class='ocrx_word' id='word_1_148' title='bbox 846 2574 909 2636; x_wconf 83' lang='lat' dir='ltr'><strong>aila</strong></span> <span class='ocrx_word' id='word_1_149' title='bbox 928 2571 1127 2655; x_wconf 79' lang='lat' dir='ltr'><strong>referuntur3</strong></span> <span class='ocrx_word' id='word_1_150' title='bbox 1157 2575 1230 2639; x_wconf 81' lang='lat' dir='ltr'><strong>vita</strong></span> 
     </span>
     <span class='ocr_line' id='line_1_19' title="bbox 127 2680 1228 2765; baseline -0.001 -19"><span class='ocrx_word' id='word_1_151' title='bbox 127 2693 235 2746; x_wconf 87' lang='lat' dir='ltr'><strong>autem</strong></span> <span class='ocrx_word' id='word_1_152' title='bbox 260 2683 405 2746; x_wconf 87' lang='lat' dir='ltr'><strong>dieoedat</strong></span> <span class='ocrx_word' id='word_1_153' title='bbox 428 2684 460 2746; x_wconf 90' lang='lat' dir='ltr'><strong>in</strong></span> <span class='ocrx_word' id='word_1_154' title='bbox 482 2685 579 2746; x_wconf 90' lang='lat' dir='ltr'><strong>otium</strong></span> <span class='ocrx_word' id='word_1_155' title='bbox 604 2692 637 2746; x_wconf 86' lang='lat' dir='ltr'><strong>et</strong></span> <span class='ocrx_word' id='word_1_156' title='bbox 657 2686 832 2765; x_wconf 88' lang='lat' dir='ltr'><strong>negotium,</strong></span> <span class='ocrx_word' id='word_1_157' title='bbox 854 2681 884 2743; x_wconf 89' lang='lat' dir='ltr'><strong>iu</strong></span> <span class='ocrx_word' id='word_1_158' title='bbox 908 2680 1023 2743; x_wconf 81' lang='lat' dir='ltr'><strong>bellum</strong></span> <span class='ocrx_word' id='word_1_159' title='bbox 1045 2688 1078 2744; x_wconf 91' lang='lat' dir='ltr'><strong>et</strong></span> <span class='ocrx_word' id='word_1_160' title='bbox 1094 2700 1228 2765; x_wconf 82' lang='lat' dir='ltr'><strong>paoem3</strong></span> 
     </span>
     <span class='ocr_line' id='line_1_20' title="bbox 127 2781 1230 2876; baseline 0.004 -23"><span class='ocrx_word' id='word_1_161' title='bbox 127 2781 258 2876; x_wconf 73' lang='grc' dir='ltr'><strong><em>πρακτᾶ</em></strong></span> <span class='ocrx_word' id='word_1_162' title='bbox 280 2812 357 2854; x_wconf 88' lang='lat' dir='ltr'><strong>vero</strong></span> <span class='ocrx_word' id='word_1_163' title='bbox 378 2792 490 2874; x_wconf 86' lang='lat' dir='ltr'><strong>partim</strong></span> <span class='ocrx_word' id='word_1_164' title='bbox 513 2791 578 2854; x_wconf 86' lang='lat' dir='ltr'><strong>sint</strong></span> <span class='ocrx_word' id='word_1_165' title='bbox 608 2795 791 2857; x_wconf 75' lang='lat' dir='ltr'><strong>necessaria</strong></span> <span class='ocrx_word' id='word_1_166' title='bbox 818 2801 851 2855; x_wconf 89' lang='lat' dir='ltr'><strong>et</strong></span> <span class='ocrx_word' id='word_1_167' title='bbox 880 2794 987 2872; x_wconf 84' lang='lat' dir='ltr'><strong>utilia,</strong></span> <span class='ocrx_word' id='word_1_168' title='bbox 1019 2797 1134 2876; x_wconf 86' lang='lat' dir='ltr'><strong>partim</strong></span> <span class='ocrx_word' id='word_1_169' title='bbox 1161 2792 1230 2857; x_wconf 85' lang='lat' dir='ltr'><strong>ho·</strong></span> 
     </span>
     <span class='ocr_line' id='line_1_21' title="bbox 127 2884 1230 2982; baseline 0.003 -20"><span class='ocrx_word' id='word_1_170' title='bbox 127 2910 235 2962; x_wconf 81' lang='lat' dir='ltr'><strong>nesta:</strong></span> <span class='ocrx_word' id='word_1_171' title='bbox 254 2884 330 2962; x_wconf 82' lang='lat' dir='ltr'><strong>&#39;duis</strong></span> <span class='ocrx_word' id='word_1_172' title='bbox 342 2909 417 2962; x_wconf 86' lang='lat' dir='ltr'><strong>suot</strong></span> <span class='ocrx_word' id='word_1_173' title='bbox 428 2902 536 2982; x_wconf 89' lang='lat' dir='ltr'><strong>otium,</strong></span> <span class='ocrx_word' id='word_1_174' title='bbox 548 2919 625 2982; x_wconf 89' lang='lat' dir='ltr'><strong>pax,</strong></span> <span class='ocrx_word' id='word_1_175' title='bbox 647 2900 799 2982; x_wconf 81' lang='lat' dir='ltr'><strong>honestu3</strong></span> <span class='ocrx_word' id='word_1_176' title='bbox 823 2899 864 2964; x_wconf 83' lang='lat' dir='ltr'><strong>ad</strong></span> <span class='ocrx_word' id='word_1_177' title='bbox 887 2920 927 2964; x_wconf 88' lang='lat' dir='ltr'><strong>ea</strong></span> <span class='ocrx_word' id='word_1_178' title='bbox 948 2901 1029 2964; x_wconf 87' lang='lat' dir='ltr'><strong>enim</strong></span> <span class='ocrx_word' id='word_1_179' title='bbox 1052 2901 1114 2965; x_wconf 80' lang='lat' dir='ltr'><strong>eliu</strong></span> <span class='ocrx_word' id='word_1_180' title='bbox 1135 2902 1230 2965; x_wconf 80' lang='lat' dir='ltr'><strong>refe-</strong></span> 
     </span>
     <span class='ocr_line' id='line_1_22' title="bbox 129 3001 1231 3091; baseline 0.001 -21"><span class='ocrx_word' id='word_1_181' title='bbox 129 3008 227 3071; x_wconf 87' lang='lat' dir='ltr'><strong>renda</strong></span> <span class='ocrx_word' id='word_1_182' title='bbox 249 3001 324 3071; x_wconf 76' lang='lat' dir='ltr'><strong>sun&#39;t</strong></span> <span class='ocrx_word' id='word_1_183' title='bbox 345 3009 458 3072; x_wconf 89' lang='lat' dir='ltr'><strong>omnia.</strong></span> <span class='ocrx_word' id='word_1_184' title='bbox 507 3011 616 3088; x_wconf 76' lang='lat' dir='ltr'><strong>Quare</strong></span> <span class='ocrx_word' id='word_1_185' title='bbox 643 3010 872 3091; x_wconf 84' lang='lat' dir='ltr'><strong>vituperandae</strong></span> <span class='ocrx_word' id='word_1_186' title='bbox 898 3009 1064 3090; x_wconf 78' lang='lat' dir='ltr'><strong>civitates,</strong></span> <span class='ocrx_word' id='word_1_187' title='bbox 1095 3027 1231 3090; x_wconf 88' lang='lat' dir='ltr'><strong>quarum</strong></span> 
     </span>
     <span class='ocr_line' id='line_1_23' title="bbox 128 3117 1232 3203; baseline 0.001 -25"><span class='ocrx_word' id='word_1_188' title='bbox 128 3119 290 3197; x_wconf 86' lang='lat' dir='ltr'><strong>instituta,</strong></span> <span class='ocrx_word' id='word_1_189' title='bbox 324 3119 417 3203; x_wconf 82' lang='lat' dir='ltr'><strong>leges</strong></span> <span class='ocrx_word' id='word_1_190' title='bbox 445 3127 597 3201; x_wconf 82' lang='lat' dir='ltr'><strong>totusque</strong></span> <span class='ocrx_word' id='word_1_191' title='bbox 625 3127 733 3180; x_wconf 85' lang='lat' dir='ltr'><strong>status</strong></span> <span class='ocrx_word' id='word_1_192' title='bbox 758 3117 798 3180; x_wconf 92' lang='lat' dir='ltr'><strong>ad</strong></span> <span class='ocrx_word' id='word_1_193' title='bbox 821 3118 936 3181; x_wconf 83' lang='lat' dir='ltr'><strong>beilum</strong></span> <span class='ocrx_word' id='word_1_194' title='bbox 960 3126 1109 3198; x_wconf 88' lang='lat' dir='ltr'><strong>epeotant</strong></span> <span class='ocrx_word' id='word_1_195' title='bbox 1130 3128 1163 3180; x_wconf 86' lang='lat' dir='ltr'><strong>et</strong></span> <span class='ocrx_word' id='word_1_196' title='bbox 1185 3117 1232 3181; x_wconf 85' lang='lat' dir='ltr'><strong>ad</strong></span> 
     </span>
     <span class='ocr_line' id='line_1_24' title="bbox 129 3225 1231 3312; baseline -0.006 -19"><span class='ocrx_word' id='word_1_197' title='bbox 129 3227 320 3293; x_wconf 86' lang='lat' dir='ltr'><strong>dominatum</strong></span> <span class='ocrx_word' id='word_1_198' title='bbox 348 3229 378 3292; x_wconf 89' lang='lat' dir='ltr'><strong>io</strong></span> <span class='ocrx_word' id='word_1_199' title='bbox 405 3227 484 3291; x_wconf 84' lang='lat' dir='ltr'><strong>alios</strong></span> <span class='ocrx_word' id='word_1_200' title='bbox 510 3229 654 3312; x_wconf 85' lang='lat' dir='ltr'><strong>populos.</strong></span> <span class='ocrx_word' id='word_1_201' title='bbox 701 3226 779 3290; x_wconf 82' lang='lat' dir='ltr'><strong>inde</strong></span> <span class='ocrx_word' id='word_1_202' title='bbox 807 3227 902 3289; x_wconf 87' lang='lat' dir='ltr'><strong>etiam</strong></span> <span class='ocrx_word' id='word_1_203' title='bbox 930 3225 1133 3289; x_wconf 78' lang='lat' dir='ltr'><strong>manifestum</strong></span> <span class='ocrx_word' id='word_1_204' title='bbox 1163 3232 1231 3306; x_wconf 87' lang='lat' dir='ltr'><strong>est,</strong></span> 
     </span>
     <span class='ocr_line' id='line_1_25' title="bbox 127 3332 1231 3418; baseline -0.003 -19"><span class='ocrx_word' id='word_1_205' title='bbox 127 3336 245 3418; x_wconf 79' lang='lat' dir='ltr'><strong>qulbus</strong></span> <span class='ocrx_word' id='word_1_206' title='bbox 279 3335 478 3416; x_wconf 86' lang='lat' dir='ltr'><strong>potissimum</strong></span> <span class='ocrx_word' id='word_1_207' title='bbox 519 3337 692 3399; x_wconf 82' lang='lat' dir='ltr'><strong>virtutibus</strong></span> <span class='ocrx_word' id='word_1_208' title='bbox 739 3335 879 3415; x_wconf 84' lang='lat' dir='ltr'><strong>optimae</strong></span> <span class='ocrx_word' id='word_1_209' title='bbox 912 3332 1103 3415; x_wconf 76' lang='lat' dir='ltr'><strong>reipublicae</strong></span> <span class='ocrx_word' id='word_1_210' title='bbox 1133 3332 1231 3396; x_wconf 85' lang='lat' dir='ltr'><strong>nivea</strong></span> 
     </span>
     <span class='ocr_line' id='line_1_26' title="bbox 128 3439 1229 3526; baseline -0.004 -21"><span class='ocrx_word' id='word_1_211' title='bbox 128 3442 261 3525; x_wconf 84' lang='lat' dir='ltr'><strong>praediti</strong></span> <span class='ocrx_word' id='word_1_212' title='bbox 282 3462 358 3506; x_wconf 84' lang='lat' dir='ltr'><strong>ease</strong></span> <span class='ocrx_word' id='word_1_213' title='bbox 375 3443 519 3508; x_wconf 83' lang='lat' dir='ltr'><strong>debeant.</strong></span> <span class='ocrx_word' id='word_1_214' title='bbox 542 3444 628 3507; x_wconf 87' lang='lat' dir='ltr'><strong>Nam</strong></span> <span class='ocrx_word' id='word_1_215' title='bbox 649 3461 743 3526; x_wconf 84' lang='lat' dir='ltr'><strong>quum</strong></span> <span class='ocrx_word' id='word_1_216' title='bbox 765 3444 833 3504; x_wconf 84' lang='lat' dir='ltr'><strong>vita</strong></span> <span class='ocrx_word' id='word_1_217' title='bbox 855 3439 959 3502; x_wconf 89' lang='lat' dir='ltr'><strong>otiosa</strong></span> <span class='ocrx_word' id='word_1_218' title='bbox 980 3440 1104 3504; x_wconf 81' lang='lat' dir='ltr'><strong>militari</strong></span> <span class='ocrx_word' id='word_1_219' title='bbox 1124 3458 1229 3522; x_wconf 82' lang='lat' dir='ltr'><strong>prae·</strong></span> 
     </span>
     <span class='ocr_line' id='line_1_27' title="bbox 128 3546 1231 3634; baseline -0.005 -19"><span class='ocrx_word' id='word_1_220' title='bbox 128 3560 205 3634; x_wconf 83' lang='lat' dir='ltr'><strong>atet,</strong></span> <span class='ocrx_word' id='word_1_221' title='bbox 228 3551 368 3613; x_wconf 83' lang='lat' dir='ltr'><strong>iustitiae</strong></span> <span class='ocrx_word' id='word_1_222' title='bbox 389 3561 422 3614; x_wconf 83' lang='lat' dir='ltr'><strong>et</strong></span> <span class='ocrx_word' id='word_1_223' title='bbox 443 3553 673 3631; x_wconf 83' lang='lat' dir='ltr'><strong>temperantiae</strong></span> <span class='ocrx_word' id='word_1_224' title='bbox 698 3547 890 3611; x_wconf 84' lang='lat' dir='ltr'><strong>studendum</strong></span> <span class='ocrx_word' id='word_1_225' title='bbox 918 3558 986 3632; x_wconf 84' lang='lat' dir='ltr'><strong>est,</strong></span> <span class='ocrx_word' id='word_1_226' title='bbox 1016 3567 1099 3630; x_wconf 84' lang='lat' dir='ltr'><strong>quaa</strong></span> <span class='ocrx_word' id='word_1_227' title='bbox 1127 3546 1231 3629; x_wconf 85' lang='lat' dir='ltr'><strong>domi,</strong></span> 
     </span>
     <span class='ocr_line' id='line_1_28' title="bbox 127 3653 1234 3740; baseline -0.005 -19"><span class='ocrx_word' id='word_1_228' title='bbox 127 3657 160 3721; x_wconf 90' lang='lat' dir='ltr'><strong>iu</strong></span> <span class='ocrx_word' id='word_1_229' title='bbox 189 3661 255 3721; x_wconf 87' lang='lat' dir='ltr'><strong>atio</strong></span> <span class='ocrx_word' id='word_1_230' title='bbox 288 3653 487 3738; x_wconf 84' lang='lat' dir='ltr'><strong>omniumque</strong></span> <span class='ocrx_word' id='word_1_231' title='bbox 518 3675 622 3718; x_wconf 85' lang='lat' dir='ltr'><strong>rerum</strong></span> <span class='ocrx_word' id='word_1_232' title='bbox 657 3653 848 3716; x_wconf 82' lang='lat' dir='ltr'><strong>abundantia</strong></span> <span class='ocrx_word' id='word_1_233' title='bbox 881 3657 986 3740; x_wconf 86' lang='lat' dir='ltr'><strong>tnagis</strong></span> <span class='ocrx_word' id='word_1_234' title='bbox 1025 3654 1234 3719; x_wconf 77' lang='lat' dir='ltr'><strong>neocesariae</strong></span> 
     </span>
     <span class='ocr_line' id='line_1_29' title="bbox 126 3761 1231 3850; baseline -0.002 -21"><span class='ocrx_word' id='word_1_235' title='bbox 126 3772 216 3845; x_wconf 84' lang='lat' dir='ltr'><strong>sunt,</strong></span> <span class='ocrx_word' id='word_1_236' title='bbox 238 3782 333 3846; x_wconf 89' lang='lat' dir='ltr'><strong>quam</strong></span> <span class='ocrx_word' id='word_1_237' title='bbox 357 3763 495 3827; x_wconf 88' lang='lat' dir='ltr'><strong>miiitiae.</strong></span> <span class='ocrx_word' id='word_1_238' title='bbox 542 3764 619 3826; x_wconf 87' lang='lat' dir='ltr'><strong>Neo</strong></span> <span class='ocrx_word' id='word_1_239' title='bbox 645 3775 751 3827; x_wconf 88' lang='lat' dir='ltr'><strong>tameo</strong></span> <span class='ocrx_word' id='word_1_240' title='bbox 772 3766 968 3850; x_wconf 83' lang='lat' dir='ltr'><strong>negligenda</strong></span> <span class='ocrx_word' id='word_1_241' title='bbox 989 3774 1041 3827; x_wconf 86' lang='lat' dir='ltr'><strong>eat</strong></span> <span class='ocrx_word' id='word_1_242' title='bbox 1062 3761 1231 3827; x_wconf 83' lang='lat' dir='ltr'><strong>tortitudo.</strong></span> 
     </span>
    </p>
   </div>
   <div class='ocr_carea' id='block_1_7' title="bbox 190 4017 1232 4369">
    <p class='ocr_par' dir='ltr' id='par_1_7' title="bbox 190 4017 1232 4369">
     <span class='ocr_line' id='line_1_30' title="bbox 193 4017 1231 4090; baseline 0.005 -20"><span class='ocrx_word' id='word_1_243' title='bbox 193 4023 288 4084; x_wconf 70' lang='lat' dir='ltr'><strong>Magn.</strong></span> <span class='ocrx_word' id='word_1_244' title='bbox 305 4022 325 4073; x_wconf 88' lang='lat'><strong>1.</strong></span> <span class='ocrx_word' id='word_1_245' title='bbox 343 4021 371 4070; x_wconf 83' lang='lat'><strong>4.</strong></span> <span class='ocrx_word' id='word_1_246' title='bbox 388 4017 495 4089; x_wconf 64' lang='grc' dir='ltr'><strong>ἐνέργεια</strong></span> <span class='ocrx_word' id='word_1_247' title='bbox 510 4022 551 4070; x_wconf 73' lang='lat' dir='ltr'><strong>noi</strong></span> <span class='ocrx_word' id='word_1_248' title='bbox 567 4025 650 4089; x_wconf 71' lang='grc' dir='ltr'><strong><em>χρῆσις</em></strong></span> <span class='ocrx_word' id='word_1_249' title='bbox 666 4018 750 4090; x_wconf 59' lang='lat' dir='ltr'><strong>riparia</strong></span> <span class='ocrx_word' id='word_1_250' title='bbox 769 4023 864 4087; x_wconf 68' lang='grc' dir='ltr'><strong>τελείας</strong></span> <span class='ocrx_word' id='word_1_251' title='bbox 882 4037 961 4087; x_wconf 79' lang='lat' dir='ltr'><strong>quum</strong></span> <span class='ocrx_word' id='word_1_252' title='bbox 979 4035 1037 4073; x_wconf 77' lang='lat' dir='ltr'><strong>eum</strong></span> <span class='ocrx_word' id='word_1_253' title='bbox 1054 4023 1080 4073; x_wconf 83' lang='lat' dir='ltr'><strong>in</strong></span> <span class='ocrx_word' id='word_1_254' title='bbox 1091 4023 1151 4074; x_wconf 72' lang='lat' dir='ltr'><strong>nto.</strong></span> <span class='ocrx_word' id='word_1_255' title='bbox 1163 4022 1231 4075; x_wconf 75' lang='lat' dir='ltr'><strong>mie.</strong></span> 
     </span>
     <span class='ocr_line' id='line_1_31' title="bbox 195 4110 1232 4183; baseline 0.004 -22"><span class='ocrx_word' id='word_1_256' title='bbox 195 4116 215 4163; x_wconf 86' lang='lat' dir='ltr'><strong>t.</strong></span> <span class='ocrx_word' id='word_1_257' title='bbox 227 4116 252 4162; x_wconf 85' lang='lat' dir='ltr'><strong>n.</strong></span> <span class='ocrx_word' id='word_1_258' title='bbox 268 4114 319 4163; x_wconf 83' lang='lat' dir='ltr'><strong>hoo</strong></span> <span class='ocrx_word' id='word_1_259' title='bbox 334 4115 414 4163; x_wconf 88' lang='lat' dir='ltr'><strong>modo</strong></span> <span class='ocrx_word' id='word_1_260' title='bbox 431 4115 615 4164; x_wconf 83' lang='lat' dir='ltr'><strong>constituerit:</strong></span> <span class='ocrx_word' id='word_1_261' title='bbox 633 4116 717 4180; x_wconf 75' lang='grc' dir='ltr'><strong><em>ψυχῆς</em></strong></span> <span class='ocrx_word' id='word_1_262' title='bbox 734 4112 841 4183; x_wconf 68' lang='grc' dir='ltr'><strong>ἐνέργεια</strong></span> <span class='ocrx_word' id='word_1_263' title='bbox 858 4115 917 4164; x_wconf 73' lang='grc' dir='ltr'><strong>κατ’</strong></span> <span class='ocrx_word' id='word_1_264' title='bbox 933 4110 1029 4183; x_wconf 48' lang='lat' dir='ltr'><strong>riparia</strong></span> <span class='ocrx_word' id='word_1_265' title='bbox 1044 4115 1067 4164; x_wconf 76' lang='lat' dir='ltr'><strong>ai</strong></span> <span class='ocrx_word' id='word_1_266' title='bbox 1083 4111 1112 4166; x_wconf 78' lang='lat' dir='ltr'><strong>ot</strong></span> <span class='ocrx_word' id='word_1_267' title='bbox 1128 4117 1232 4176; x_wconf 59' lang='lat' dir='ltr'><strong>nietam</strong></span> 
     </span>
     <span class='ocr_line' id='line_1_32' title="bbox 194 4202 1232 4274; baseline 0.002 -16"><span class='ocrx_word' id='word_1_268' title='bbox 194 4205 219 4258; x_wconf 79' lang='lat' dir='ltr'><strong>oi</strong></span> <span class='ocrx_word' id='word_1_269' title='bbox 236 4202 331 4274; x_wconf 77' lang='lat' dir='ltr'><strong>n’prree&#39;,</strong></span> <span class='ocrx_word' id='word_1_270' title='bbox 347 4203 412 4257; x_wconf 71' lang='lat' dir='ltr'><strong>eard</strong></span> <span class='ocrx_word' id='word_1_271' title='bbox 430 4204 474 4272; x_wconf 72' lang='grc' dir='ltr'><strong>τήν</strong></span> <span class='ocrx_word' id='word_1_272' title='bbox 490 4206 590 4273; x_wconf 76' lang='grc' dir='ltr'><strong>ἆρίστην</strong></span> <span class='ocrx_word' id='word_1_273' title='bbox 606 4210 647 4259; x_wconf 77' lang='lat' dir='ltr'><strong>aet</strong></span> <span class='ocrx_word' id='word_1_274' title='bbox 664 4204 828 4272; x_wconf 71' lang='lat' dir='ltr'><strong>tristoro&#39;rpe.</strong></span> <span class='ocrx_word' id='word_1_275' title='bbox 864 4208 892 4259; x_wconf 75' lang='lat' dir='ltr'><strong>ln</strong></span> <span class='ocrx_word' id='word_1_276' title='bbox 909 4206 970 4261; x_wconf 72' lang='grc' dir='ltr'><strong>Είδ.</strong></span> <span class='ocrx_word' id='word_1_277' title='bbox 985 4208 1053 4262; x_wconf 74' lang='lat' dir='ltr'><strong>Eud</strong></span> <span class='ocrx_word' id='word_1_278' title='bbox 1071 4208 1105 4262; x_wconf 73' lang='grc' dir='ltr'><strong>Π.</strong></span> <span class='ocrx_word' id='word_1_279' title='bbox 1117 4207 1143 4260; x_wconf 80' lang='lat'><strong>1·</strong></span> <span class='ocrx_word' id='word_1_280' title='bbox 1160 4209 1232 4269; x_wconf 72' lang='lat' dir='ltr'><strong>hm</strong></span> 
     </span>
     <span class='ocr_line' id='line_1_33' title="bbox 190 4285 812 4369; baseline -0.002 -15"><span class='ocrx_word' id='word_1_281' title='bbox 190 4308 234 4354; x_wconf 75' lang='lat' dir='ltr'><strong>aar</strong></span> <span class='ocrx_word' id='word_1_282' title='bbox 251 4300 307 4355; x_wconf 80' lang='lat' dir='ltr'><strong>etm</strong></span> <span class='ocrx_word' id='word_1_283' title='bbox 325 4299 458 4356; x_wconf 74' lang='lat' dir='ltr'><strong>teuniter</strong></span> <span class='ocrx_word' id='word_1_284' title='bbox 474 4305 559 4368; x_wconf 62' lang='grc' dir='ltr'>ψυχῆς</span> <span class='ocrx_word' id='word_1_285' title='bbox 574 4297 670 4369; x_wconf 64' lang='lat' dir='ltr'><strong>spata</strong></span> <span class='ocrx_word' id='word_1_286' title='bbox 686 4285 812 4368; x_wconf 55' lang='lat' dir='ltr'><strong>herm?</strong></span> 
     </span>
    </p>
   </div>
   <div class='ocr_carea' id='block_1_8' title="bbox 0 0 1371 4816">
    <p class='ocr_par' dir='ltr' id='par_1_8' title="bbox 0 0 1371 4816">
     <span class='ocr_line' id='line_1_34' title="bbox 0 0 1371 4816; baseline 0 0"><span class='ocrx_word' id='word_1_287' title='bbox 0 0 1371 4816; x_wconf 95' lang='lat' dir='ltr'><strong> </strong></span> 
     </span>
    </p>
   </div>
  </div>
 </body>
</html>
