2730 4816
553 409 779 477 -m-

114 576 223 674 γωγδς
249 575 355 651 αὐτῶν
376 583 440 650 τῶν
460 581 636 673 εἰρημένων
662 584 878 656 ἐπισκεπτέοι
903 582 1035 657 πόντων
1055 591 1119 658 τῶν
1139 584 1221 682 τρό-

114 714 187 757 πωι
207 692 339 759 ’ταῦτα
359 683 422 779 γοὶρ
444 684 686 776 συνδυαζόμενα
710 700 802 762 ποιεῖ
827 689 888 774 τδς
916 697 1089 778 πολιτείας
1113 698 1222 769 ε’παλ.

118 790 257 881 λα’ττειν,
275 794 360 867 ὥστε
381 794 633 889 ἀριστοκρατίας
652 825 689 868 τε
711 795 919 893 ὀλιγαρχικός
939 797 1020 872 εἶναι
1043 807 1097 874 καί
1118 809 1224 875 πολι-

114 911 207 991 τείας
227 913 552 1003 δημοκρατικωτέρας
572 962 580 979 .
601 967 609 984 .
632 962 641 978 .
662 909 792 997 ,Ὅμως
815 914 852 980 δὲ
868 915 923 980 δεῖ
940 914 1097 1000 γενέσθαι
1117 915 1223 1005 δῆλον
1299 923 1302 928 ’

113 1015 160 1110 μή
180 1014 280 1106 μόνον
300 1020 380 1087 ποία
406 1012 529 1087 τούτων
555 1020 620 1087 τῶν
640 1020 816 1086 πολιτειῶν
835 1018 954 1109 ἀρίστη
975 1028 1049 1101 ταῖς
1068 1015 1223 1107 πόλεσιν,

114 1123 199 1200 &tid
219 1129 274 1196 καί
297 1131 370 1208 πῶς
390 1132 445 1196 δεῖ
464 1121 716 1210 κατασκευάζειν
743 1131 798 1197 καί
818 1124 940 1210 ταύτας
960 1131 1015 1199 καί
1032 1126 1095 1212 τοίς
1114 1127 1223 1212 ἄλλας

114 1238 311 1322 ἐπέλθωμεν
330 1231 504 1321 συντόμως.
1048 1224 1051 1229 ’

223 1379 370 1457 nxponer
409 1380 503 1460 igitur
534 1377 596 1439 atia
628 1374 804 1456 quaedam,
840 1391 923 1456 qnae
958 1375 1000 1439 de
1037 1376 1217 1458 generibus

115 1481 338 1570 δημοκρατίας
353 1487 547 1567 utrarumque
570 1483 731 1544 civitatum
754 1482 876 1562 reliqna
898 1492 982 1562 suut,
1005 1490 1038 1544 et
1065 1484 1217 1565 proprios

115 1596 286 1677 unicuique
311 1594 460 1656 attribuet
481 1579 633 1675 τρόπους.

191 1725 290 1787 Varia
302 1732 408 1787 autern
430 1744 531 1786 rerum
549 1723 744 1804 publicarum
759 1740 878 1806 genera
901 1723 996 1786 etiam
1017 1726 1063 1786 ita
1084 1724 1219 1788 eonfor-

117 1850 205 1895 mare
226 1833 351 1908 vult‚ut
369 1818 507 1916 τρόποις
529 1841 655 1893 utantur
674 1829 786 1912 partim
809 1831 943 1912 propriis
965 1832 1075 1911 partiru
1094 1833 1218 1896 alienis.

199 1964 299 2027 Simul
317 1965 517 2044 perspicuum
540 1964 610 2024 iore
633 1963 718 2038 dieit,
738 1970 771 2021 et
791 1980 872 2044 quae
894 1965 935 2022 sit
958 1963 1099 2022 divitatis
1112 1960 1219 2025 forma

117 2072 256 2135 maxime
276 2069 389 2132 ideuea
411 2089 512 2153 eaque
534 2069 691 2152 quomode
715 2069 878 2130 efficiatur.
900 2066 967 2130 Sed
990 2067 1030 2132 de
1050 2068 1101 2130 bia
1121 2071 1221 2133 rebus

118 2180 260 2273 omnibns
281 2179 423 2243 breviter
444 2165 649 2257 (συντόμως).

201 2307 338 2368 Primum
361 2307 458 2387 igitur
479 2305 621 2367 dieturns
634 2313 684 2366 est
707 2303 747 2365 da
760 2295 981 2387 δημοκρατίας
1002 2302 1094 2364 simul
1109 2313 1219 2367 autera

117 2409 243 2492 pianum
270 2412 340 2475 iere
362 2411 416 2485 ait,
440 2410 597 2493 quomedo
629 2410 838 2472 consutuatnr
861 2397 1049 2492 ὀλιγαρχία,
1070 2429 1155 2493 qnae
1176 2411 1220 2475 itti

117 2521 162 2582 sit
190 2521 357 2581 eontraria.
408 2519 503 2581 Hane
529 2526 635 2582 autem
663 2517 885 2598 quaestionem
915 2520 961 2579 ita
987 2518 1161 2600 exorditur,
1182 2528 1222 2583 ut

120 2647 203 2711 qnae
225 2636 300 2690 snut
320 2619 543 2710 δημοκρατίας
563 2627 688 2706 propria
710 2625 840 2705 colligat
863 2625 968 2686 emnia
989 2645 1059 2706 eap.
1081 2627 1124 2689 tt.
1159 2629 1221 2692 His

119 2736 303 2799 verbaliter
318 2736 513 2815 compositis,
525 2735 617 2795 aliam
633 2731 773 2794 evadere
788 2733 986 2795 demonstrat
998 2728 1223 2820 δημοκρατίας

120 2839 264 2932 ienuam.
284 2841 407 2902 Deinde
429 2842 579 2902 inseritur
594 2845 691 2918 eaput
707 2838 764 2899 ΙΙΙ.
781 2836 820 2898 de
834 2838 1058 2919 aequabilitate
1077 2842 1222 2905 iustitia·

119 2967 196 3030 qua,
219 2966 312 3031 quarn
342 2948 402 3009 sibi
430 2942 634 3032 δημοκρατία
654 2947 749 3029 fingit
768 2957 800 3009 et
823 2936 1001 3032 ὀλιγαρχία.
1050 2950 1116 3011 ianr
1139 2967 1220 3013 vere

119 3058 225 3142 capite
247 3057 288 3120 V.
311 3057 428 3138 optima
450 3050 654 3141 δημοκρατία
676 3075 757 3138 qnae
779 3058 822 3118 sit
845 3055 1037 3138 disquiritur,
1050 3067 1083 3121 et
1103 3059 1221 3140 quibua

118 3165 244 3250 legibus
267 3163 473 3246 temperanda
495 3169 547 3227 sib
587 3165 738 3244 Namque
760 3167 830 3225 eius
852 3165 1059 3246 magistratus
1081 3163 1222 3246 eligendi

118 3284 193 3338 snut
214 3294 272 3360 ριο
292 3273 411 3336 virtute
432 3282 464 3336 et
486 3274 586 3356 copiis
608 3261 902 3358 (ἀριστοκρατικοῖς
922 3281 955 3334 et
976 3259 1223 3358 ὀλιγαρχικῶς).

119 3383 283 3465 Deinceps
312 3384 505 3447 Aristoteles
533 3382 575 3444 de
603 3381 744 3444 seeundo
771 3389 804 3443 et
838 3385 934 3442 tertie
967 3369 1237 3468 ἀριστοκρατίας,
1337 3397 1341 3407 ·

119 3509 241 3575 genere
264 3489 403 3570 disputat
432 3499 464 3550 et
488 3489 529 3551 de
557 3498 669 3571 quarto
692 3488 916 3550 constituendo
938 3492 1102 3569 praeeiara
1124 3491 1223 3555 tradit

119 3606 302 3682 praecepta.
343 3595 467 3658 Deinde
488 3614 558 3678 eap.
579 3596 622 3658 V.
644 3595 748 3671 doeet,
769 3595 886 3678 quibus
900 3599 1098 3677 potissimum
1122 3600 1222 3663 rebus

120 3706 287 3783 efficiatur,
309 3712 342 3767 nt
366 3697 583 3789 δημοκρατίαι
609 3713 846 3767 conserventur.
897 3704 1112 3788 begisiateris
1137 3711 1224 3773 anien

119 3826 169 3880 eat
189 3823 332 3878 nontam
355 3811 538 3875 describere
559 3832 653 3894 quam
676 3830 872 3877 conservare
885 3815 1079 3897 reipublicae
1099 3825 1223 3880 statuar

120 3943 161 3988 aa
181 3940 369 4007 propagare.
411 3923 505 3987 Haec
528 3921 567 3985 de
590 3916 830 4007 δνγιοκρατίαις.

201 4055 267 4116 lam
290 4062 396 4116 autern
420 4071 516 4133 qnnrn
535 4053 577 4114 sit
590 4050 632 4113 de
642 4049 813 4114 condendis
828 4037 1027 4134 ὀλιγαρχίαις
1038 4047 1221 4131 uisendum,

119 4164 245 4224 assumi
267 4160 354 4222 iubet
369 4178 418 4236 ea,
429 4178 510 4242 quae
526 4159 674 4221 disseruit
696 4158 737 4221 de
759 4149 974 4243 δημοκρατίᾳ.
1017 4156 1178 4233 Quocirca
1190 4157 1223 4220 id

121 4276 243 4331 tantum
267 4267 346 4348 agit,
369 4274 403 4329 ut
423 4284 462 4327 ee
483 4265 525 4328 de
547 4283 584 4327 re
604 4265 745 4328 rationes
765 4271 799 4327 et
818 4273 991 4345 praecepta
1007 4262 1126 4343 tradat,
1140 4279 1225 4344 quae
