2730 4816
134 590 285 672 efficitur,
307 584 337 654 si
357 588 394 654 ut
414 587 587 657 secundnm
610 590 702 653 enine
721 590 875 672 cuiusque
897 592 1057 657 virtutem.
1102 591 1229 657 ltt‘tete

130 700 261 784 quidem
282 718 363 783 opns
383 701 500 764 honum
522 707 583 765 eat
610 703 739 764 sonem
761 704 862 778 tpitm
881 701 1058 763 monem
1078 705 1113 764 ha
1133 721 1228 780 opere

130 811 281 873 mermi·
299 813 443 872 cernitur
469 810 547 870 oeno
571 811 760 888 perfecto-i.
781 799 865 870 elie
886 811 991 868 enimi·
1007 800 1153 894 ἐνεργείᾳ
1174 829 1229 870 ae·

128 919 272 1000 eandem
290 920 455 992 uirtutem,
481 923 515 978 at
536 919 568 978 ei
584 917 697 993 pterea
719 918 865 988 Μαίη,
885 916 1062 978 accendere
1081 922 1230 993 optionem

132 1027 450 1104 et-perfeotiear'meer
470 1027 506 1084 a'ra
525 1028 590 1084 otto
608 1027 754 1104 perfecte
774 1021 834 1094 (ci.
853 1021 960 1085 sture.
981 1023 1054 1086 Nic.
1076 1025 1100 1084 Ι.
1120 1025 1180 1094 u).

217 1131 321 1211 Quam
342 1125 506 1216 ἐνέργειαν
531 1132 584 1213 qni
611 1131 673 1193 sihi
700 1133 950 1212 eompareverit,
985 1151 1048 1193 uon
1077 1140 1230 1194 externas

128 1235 326 1301 desiderabit
347 1236 548 1317 voluptates3
570 1235 628 1299 sed
651 1237 797 1318 quonium
818 1254 859 1299 ea
876 1238 1012 1318 quisque
1033 1256 1072 1298 re
1091 1239 1230 1300 mexime

131 1343 310 1407 delectatur
324 1361 420 1427 quam
435 1343 573 1406 mexime
589 1341 798 1420 edameverit,
820 1360 862 1405 ex
884 1342 936 1404 iile
956 1337 1111 1427 ἐνεργείᾳ,
1134 1361 1229 1424 quem

132 1469 260 1514 sumne
293 1450 459 1513 dilectione
490 1449 732 1532 complectitur,
775 1451 928 1532 percipiet
962 1453 1114 1514 teetitiam
1146 1470 1230 1533 queo

134 1556 309 1623 secundnm
344 1567 489 1622 naturem
523 1567 574 1622 est
603 1576 715 1620 veram
749 1574 790 1620 ac
825 1558 1003 1639 prohem¹t
1061 1558 1112 1621 Ad
1146 1559 1230 1622 hone

133 1685 212 1730 vero
233 1676 366 1729 externe
385 1664 468 1747 quod
489 1667 615 1747 attinet,
638 1665 781 1746 corporis
798 1676 830 1729 et
847 1667 968 1729 senites
982 1676 1015 1729 et
1029 1666 1226 1748 pulchritudo

131 1775 337 1839 necessariae
358 1773 506 1838 videntur
527 1773 568 1837 ad
592 1774 673 1838 hene
690 1771 848 1856 egendum
866 1773 1025 1856 hosteque
1040 1773 1225 1838 vivendum.

130 1885 280 1948 Divitiae·
295 1901 385 1965 vero,
407 1901 500 1965 opes,
520 1884 663 1965 potentie
685 1882 787 1946 civilis
809 1883 902 1944 utiles
916 1891 990 1944 sunt
1006 1870 1229 1967 dpyorvmuiv).

131 1990 257 2071 Quibus
290 1991 381 2054 honis
415 1995 469 2073 qui
497 1988 668 2052 destitutus
695 2000 764 2070 est,
792 1991 855 2053 etsi
881 1993 1015 2071 seepius
1046 1989 1229 2071 impeditur,

133 2101 301 2182 quominus
322 2097 500 2162 secundum
522 2102 672 2159 uirtutem
694 2105 788 2179 aget}
819 2114 881 2160 nec
906 2106 1011 2160 umen
1038 2098 1111 2159 istis
1133 2114 1226 2187 com·

131 2206 265 2287 paratis,
286 2205 355 2266 vita
375 2202 517 2271 redditur
538 2202 651 2282 heata,
672 2201 738 2265 sed
767 2203 838 2264 soie
865 2203 999 2282 virtute;
1028 2221 1088 2266 uec
1115 2212 1227 2267 contre

133 2317 182 2375 ets
202 2311 371 2391 detractis,
393 2296 520 2389 misera,
541 2308 601 2372 sed
624 2308 752 2379 vltio³).
804 2311 871 2371 lem
898 2328 977 2372 vero
998 2328 1123 2372 summo
1145 2310 1229 2373 hono

133 2425 181 2484 ita
201 2421 386 2497 constituto,
409 2426 444 2480 ut
463 2418 507 2483 sit
527 2416 624 2482 animi
645 2409 790 2501 ἐνέργεια
809 2415 988 2480 secundum
1010 2417 1172 2498 virtutem,
1196 2426 1230 2480 et

133 2527 163 2591 si
184 2529 293 2609 ptores
315 2527 463 2608 virtutes,
485 2525 665 2589 secundum
685 2527 834 2606 optimam
856 2534 890 2589 et
911 2527 1177 2608 perfectissimam
1198 2527 1230 2590 iu

134 2635 203 2699 vita
223 2637 380 2719 perfecte,
401 2635 589 2718 philosopho
609 2635 765 2718 deinceps
785 2635 1004 2703 disserendum
1026 2646 1097 2704 erat

652 2872 700 2930 u.

138 2982 151 3074 ι’
270 2994 314 3046 De
332 2994 468 3052 virtute
483 2996 560 3048 stre
576 2999 616 3049 de
632 2999 780 3051 honesto
798 2999 886 3066 (περὶ
905 3001 961 3049 τοῦ
978 3000 1096 3058 καλοῦ).

639 3161 721 3230 &5-

216 3284 401 3368 Disputatio
422 3286 504 3348 euim
527 3284 569 3350 de
587 3268 714 3353 sunnio
734 3288 870 3353 hominis
891 3289 975 3354 houu
993 3290 1068 3354 sive
1087 3290 1128 3353 de
1149 3290 1230 3354 hea-

133 3394 268 3460 titudine
289 3415 329 3459 ue
349 3395 467 3459 irnshe
488 3397 633 3461 instituta
652 3407 760 3478 esset,
792 3398 836 3461 ite
864 3398 1085 3483 persequende
1101 3398 1174 3480 suit,
1196 3408 1231 3464 ut

133 3504 281 3589 politicus
303 3501 508 3581 edoceretur,
532 3503 606 3588 quid
629 3514 720 3568 esset
740 3506 867 3587 virtus,
888 3506 1046 3589 quomodo
1067 3526 1138 3572 eam
1160 3509 1230 3590 ipse

134 3617 397 3692 consequeretur,
419 3607 619 3692 adeernque
637 3611 795 3694 quomodo
817 3613 898 3676 alios
923 3613 1116 3678 informaret.
1158 3615 1229 3676 lta·

201 3899 228 3950 4.
245 3914 270 3950 a.
285 3897 360 3964 111.);
377 3897 456 3951 libert
474 3898 520 3962 tta,
537 3903 568 3951 nt
583 3911 616 3952 ee
631 3900 681 3964 ipsi
698 3901 785 3952 ethice
802 3904 830 3952 et
846 3897 991 3950 theoretice
1009 3893 1229 3961 neptunum).

203 3990 283 4042 Servi
299 4004 377 4041 suum
395 3990 506 4054 quisque
522 4003 592 4052 opes
608 3990 758 4052 perficiunt,
771 3990 796 4040 et
806 3992 931 4040 herorum
942 3985 1073 4037 rationem
1083 3992 1230 4050 sequentes

201 4095 256 4133 non
273 4082 331 4132 eine
347 4082 452 4132 retione
469 4085 563 4147 egunt.
597 4080 688 4148 onere
705 4094 773 4144 opus
797 4088 941 4130 servorum
964 4082 1007 4128 est
1028 4076 1108 4127 eutmt
1123 4075 1230 4146 trr‘ppeo

202 4185 257 4223 noe
275 4172 336 4223 etue
353 4172 476 4235 renone,
492 4171 638 4224 liberorum
656 4170 738 4222 aetat
755 4166 861 4235 ἐνέργεια
877 4170 1025 4219 secundun
1044 4169 1185 4220 rationem.

152 4260 184 4321 1)
202 4261 261 4313 su.
278 4260 337 4313 Nto
355 4262 376 4314 1.
393 4261 421 4312 s.
438 4260 485 4319 10.
610 4259 643 4325 2)
660 4258 722 4315 1111.
738 4259 762 4310 1.
781 4255 825 4311 10.
950 4259 982 4324 s)
998 4259 1062 4317 toto.
1079 4260 1102 4311 Ι.
1121 4259 1165 4312 11.
1185 4259 1230 4312 ts.
