2730 4816
598 408 828 474 ..10⁸-

164 601 392 684 rabuspublicls
415 601 444 664 in
467 602 650 666 universum
672 613 813 685 exponat
827 613 866 667 at
886 604 927 684 de
948 621 1137 688 unaquaque
1164 626 1270 689 sepa-i

165 711 273 788 ratim3
310 708 367 770 sed
396 717 503 790 aptum
538 708 719 771 iaciendum
754 720 830 773 aute
861 729 937 774 esse
972 713 1145 776 exordium.
1180 715 1269 787 (Pol.

165 818 274 879 tvnt.
291 805 398 880 Πάλιν
419 813 457 879 δὲ
480 813 536 880 καὶ
556 814 646 901 κοινῇ
663 814 721 899 Ικαὶ
744 815 844 903 χωρὶς
863 815 944 904 περὶ
964 808 1102 906 ἑκάστης
1121 818 1271 906 λέγωμεν

163 921 242 1010 περὶ
261 922 325 986 τῶν
346 919 477 1009 ἑφεξῆς,
499 912 655 1006 λαβόντες
673 914 775 1011 ἀρχὴν
795 915 853 1011 τήν
873 915 1103 1014 προσήκουσαν
1123 921 1270 1005 αὐτῶν.)

664 1123 692 1190 S.
717 1119 767 1180 62.

306 1251 346 1300 De
364 1249 553 1312 disputatlonis
570 1251 620 1303 tv.
638 1253 752 1303 exordio
771 1249 844 1314 (Pol.
861 1254 911 1305 lv.
931 1254 974 1304 14.
993 1253 1038 1304 lb.
1060 1253 1125 1310 tun.

169 1402 174 1410 ·
248 1369 369 1432 Rerum
385 1379 516 1432 naturae
529 1374 727 1434 conveniens
743 1382 915 1454 aptumque
932 1371 1098 1434 exordium
1113 1389 1151 1433 se
1167 1388 1267 1451 prae-

165 1477 341 1557 positurum
374 1479 556 1559 pollicitus,
589 1481 781 1543 Aristoteles
812 1481 1029 1562 quaestionem
1060 1477 1194 1540 instituit
1225 1476 1269 1538 do

165 1586 270 1647 tribus
291 1585 433 1649 civitatis
459 1588 613 1669 partibus.
667 1589 759 1665 Quae
788 1589 817 1650 si
846 1597 934 1648 recto
962 1605 1000 1647 se
1028 1583 1165 1662 habent,
1194 1591 1267 1646 tota

166 1711 302 1754 neeesse
325 1704 375 1756 ast
396 1705 483 1758 recta
510 1714 548 1756 se
577 1696 692 1758 lrabeat
720 1695 918 1775 respublica3
947 1712 1030 1774 quaa
1058 1696 1086 1755 si
1115 1693 1199 1755 inter
1225 1711 1266 1754 sa

165 1799 365 1880 discrepant,
395 1801 619 1880 discrepabunt
646 1803 740 1864 etiam
771 1801 964 1882 reipublicae
995 1802 1124 1862 formae
1180 1799 1267 1863 Sunt

163 1915 268 1969 autem
299 1908 463 1970 concilium
490 1897 545 1983 (τὸ
571 1894 841 1987 βουλευόμενον),
873 1911 1081 1990 magistratus
1114 1897 1264 1991 (ἀρχαί),

164 2015 314 2078 iudicium
338 2004 392 2087 (τό
414 2004 570 2092 δικάζον).
612 2018 662 2079 Do
682 2017 798 2098 quibus
820 2016 971 2096 deinceps
993 2018 1212 2098 disputabitur.

267 2126 324 2185 ltlst
349 2124 445 2206 igitur
477 2126 614 2207 concilii,
637 2124 811 2187 deliberare
833 2123 873 2185 de
895 2124 988 2202 bello,
1009 2143 1100 2206 pace,
1123 2122 1165 2186 da
1185 2125 1266 2188 soc·

164 2233 303 2314 duribus,
325 2237 461 2319 legibus,
484 2237 624 2301 iudicare
645 2236 685 2297 de
709 2237 833 2298 civibus
861 2244 961 2296 morto
988 2232 1177 2296 mulctandis
1205 2243 1266 2298 aut

165 2345 273 2416 exilio,
297 2347 451 2406 rationem
471 2362 642 2425 reposcere
661 2363 680 2407 a
699 2344 948 2424 magistratibus.
973 2343 1133 2420 Quaeres
1151 2323 1280 2404 orarius¹

163 2458 231 2514 aut
252 2452 292 2513 ab
330 2453 475 2514 omnibus
503 2451 640 2514 discerni
669 2459 803 2531 possunt
833 2460 887 2512 aut
918 2468 937 2511 a
967 2448 1177 2531 quibusdam,
1204 2459 1267 2514 out

165 2559 247 2620 aliae
268 2557 308 2618 ab
329 2559 487 2636 omnibus,
510 2577 529 2620 a
553 2557 738 2641 quibusdam
754 2560 843 2619 aliae.
867 2556 971 2634 Quum
993 2556 1131 2618 omnium
1153 2568 1275 2619 rerum

165 2665 347 2727 deliberatio
369 2665 561 2728 transfertur
581 2664 767 2743 admones,
790 2675 840 2730 ost
862 2665 890 2725 is
913 2662 1035 2745 quidem
1058 2662 1175 2724 modus
1195 2658 1263 2745 dp·

164 2760 315 2853 pocru693
337 2793 392 2853 per
411 2775 556 2855 singulos
578 2784 682 2835 autem
704 2792 798 2854 quum
818 2787 971 2854 geruntur
987 2775 1103 2850 omnia,
1125 2758 1264 2854 diepam

163 2869 261 2959 χικός.
284 2880 349 2960 Qui
370 2880 496 2963 quidem
518 2881 602 2943 modi
624 2882 683 2962 ipsi
706 2900 803 2964 quum
827 2882 905 2945 varii
927 2899 1003 2944 esse
1022 2881 1155 2962 possint,
1178 2899 1264 2944 suns
1321 2944 1329 2960 x

163 2990 279 3073 cuique
306 2989 504 3053 distribuitur
536 2992 729 3072 reipublicae
756 2991 877 3074 generi.
934 2991 970 3054 Si
1002 2999 1106 3052 autem
1142 2988 1265 3051 domini

163 3097 294 3173 aliarum
316 3114 419 3163 rarum
444 3099 576 3181 singuli,
596 3101 727 3161 aliarum
750 3107 959 3177 amoenabat,
975 3097 1088 3160 modus
1109 3096 1152 3159 ad
1173 3101 1264 3178 cpti-

162 3208 290 3269 matium
313 3216 345 3270 et
366 3206 407 3269 ad
430 3209 538 3288 populi
559 3216 677 3269 statum
694 3216 743 3269 est
757 3214 861 3287 aptus.
903 3207 1050 3288 Denique
1066 3206 1260 3271 Aristotelea

163 3311 318 3392 quaedam
341 3313 406 3393 alia
427 3309 551 3388 edocet,
573 3331 655 3396 quae
684 3314 821 3394 singulis
849 3311 1022 3393 expediunt
1049 3312 1263 3393 rerumpubli-

166 3434 275 3481 carum
297 3420 607 3484 conformationibus

248 3533 313 3592 lam
337 3547 433 3609 quum
454 3529 497 3589 sit
516 3527 556 3588 de
578 3527 839 3604 ultera-civitatis
861 3533 951 3607 parto
980 3523 1162 3606 dicendum,
1190 3529 1263 3607 prl-

161 3655 245 3701 mum
268 3635 475 3716 magistratus
497 3621 627 3716 (ᾰρχαί)
649 3634 702 3716 qui
725 3633 789 3695 sint
809 3631 930 3713 delinit,
953 3632 1066 3696 deindo
1088 3641 1168 3714 quot
1193 3636 1262 3698 sint

119 3792 123 3799 -
162 3744 289 3809 creandi
310 3745 342 3807 in
363 3742 501 3825 magnis,
528 3749 605 3825 quot
627 3743 656 3803 in
690 3742 797 3822 parvis
824 3741 1019 3817 civitatibus,
1051 3752 1115 3805 tum
1146 3743 1264 3824 quales

161 3855 298 3936 singulis
320 3853 385 3936 apti
405 3853 469 3912 sint
496 3850 794 3932 rerumpublicarum
824 3850 1012 3931 generibus,
1043 3859 1205 3930 postremo
1228 3850 1262 3913 io

163 3950 350 4046 ὀλιγαρχίᾳ,
379 3961 409 4022 in
431 3952 650 4044 δημοκρατίᾳ,
671 3959 703 4019 in
727 3952 879 4043 πολιτεία
899 3976 925 4019 s
947 3946 1182 4042 ἀριστοκρατίᾳ
1201 3978 1261 4040 par

164 4089 256 4153 quos,
280 4090 321 4131 ax
344 4069 456 4154 quibus
478 4078 510 4130 et
532 4088 593 4151 qua
613 4069 735 4157 ratione
755 4067 942 4149 deligantur.

247 4179 392 4259 Denique
421 4177 534 4241 eodem
561 4175 655 4241 modo
676 4176 782 4258 dicit,
814 4186 846 4242 at
875 4186 952 4259 quot
982 4183 1045 4243 sint
1072 4176 1260 4243 iudiciorum

161 4287 307 4370 specics,
334 4295 368 4351 ot
395 4306 438 4350 ex
454 4286 581 4368 unibus
596 4287 671 4355 ,siut
693 4285 772 4351 iuris
787 4284 1078 4372 ,disceptaturaset
1100 4285 1262 4371 quomod·
