2730 4816
622 432 849 496 -tta-

688 621 716 688 s.
740 616 789 678 dd.

484 747 523 797 De
542 748 578 800 V.
598 756 625 798 et
646 749 695 798 Vi.
716 749 849 800 librorum
867 749 968 801 ordIue.

266 865 302 925 in
324 865 470 927 omnibus
488 877 525 935 „et
548 867 713 930 codicibus
735 877 767 929 ot
788 867 978 931 editionibus
1002 890 1096 951 quum
1120 890 1224 955 usque
1248 871 1292 935 ad

184 981 325 1034 nostram
347 983 484 1035 aetatem
509 975 589 1036 liber
611 975 653 1037 V.
676 975 717 1039 do
737 976 1041 1057 rerumpublicarum
1061 979 1293 1040 mutationibus

178 1082 341 1163 legeretur
356 1090 431 1143 ante
452 1092 591 1164 sextum,
614 1087 668 1166 qui
687 1093 738 1144 est
759 1082 799 1145 de
831 1084 1053 1149 constituenda
1079 1080 1291 1170 δημοκρατίᾳ

183 1196 217 1249 et
237 1172 423 1273 ὀλιγαρχίαι
447 1193 564 1270 primus
584 1191 708 1252 exstitit
729 1190 837 1253 barth.
872 1191 1028 1273 Hilarius,
1062 1195 1114 1276 qui
1141 1193 1293 1256 librorum

183 1294 324 1357 ordinem
341 1295 617 1359 communtandum
634 1313 708 1357 esse
721 1295 851 1359 diceret.
894 1297 974 1359 Eius
988 1307 1093 1360 autem
1109 1304 1294 1363 sententiae

184 1421 222 1465 se
233 1405 343 1464 socios
355 1403 592 1484 adscripserunt
608 1404 861 1486 Woitmannius,
875 1405 1029 1486 Koppius,
1039 1407 1161 1469 hecub.
1178 1408 1291 1489 Speu-

187 1517 307 1599 geiius,
339 1516 535 1598 Stahrius1),
564 1518 626 1581 alii.
669 1517 790 1580 Contra
819 1516 1061 1599 disputaverunt
1087 1518 1291 1582 Forcbham·

185 1641 293 1685 merus
323 1625 342 1685 l.
372 1640 401 1687 c.
431 1631 464 1685 et
492 1626 630 1704 scriptor
660 1624 912 1704 dissertationis,
951 1645 1034 1709 quae
1055 1637 1104 1688 est
1125 1627 1155 1687 in
1179 1626 1291 1709 „nait

182 1720 262 1799 Lim
293 1737 376 1798 zeii.
408 1736 495 1799 1839.
524 1739 604 1799 Nro.
639 1737 731 1800 198.“
762 1755 831 1819 sqq.
875 1737 941 1797 iam
978 1754 1057 1797 vero
1089 1744 1290 1816 argumenta,

184 1845 297 1927 quibus
319 1842 495 1905 doctissimi
517 1844 576 1904 viri
600 1843 639 1904 iiii
662 1862 752 1904 suam
777 1845 976 1903 muniverunt
999 1846 1211 1919 sententiam,
1236 1841 1290 1904 ai·

185 1953 349 2027 ieramus,
381 1951 602 2011 examinemus
635 1958 667 2011 et
688 1968 868 2031 augeamus
890 1948 1064 2011 rationibus
1088 1949 1206 2032 quibus
1227 1969 1291 2032 po·

189 2042 319 2122 terimus
341 2059 443 2120 novis.

272 2170 295 2229 i.
328 2169 466 2230 Primum
503 2167 598 2248 igitur
628 2177 848 2249 argumentum
883 2166 1030 2251 idemque
1057 2141 1290 2252 'gravissimum

183 2284 235 2341 est
256 2276 287 2338 in
306 2296 346 2340 ea
373 2296 479 2338 rerum
501 2275 709 2357 dispositione
732 2274 979 2355 tractandarum,
1002 2295 1096 2356 quam
1118 2277 1149 2337 in
1173 2276 1232 2338 IV.
1254 2280 1288 2341 2.

184 2386 376 2447 Aristoteles
399 2384 568 2476 descripsit
589 2384 667 2465 ipse.
710 2371 788 2466 ἡμῖν
808 2377 846 2444 δὲ
875 2379 1036 2467 πρῶτον
1066 2378 1127 2463 μὲν
1155 2379 1291 2469 διαιρε-

186 2486 259 2554 τέον
280 2534 444 2555 ......
465 2480 614 2550 ἔπειτα
636 2533 795 2550 ......
818 2479 967 2551 ἔπειτα
991 2535 1155 2553 ......
1178 2480 1291 2571 μετα

187 2594 232 2661 δὲ
253 2594 381 2659 ταῦτα
401 2592 473 2659 τίνα
492 2582 615 2681 τρόπον
634 2593 689 2658 δεῖ
708 2585 906 2659 καθιστάναι
925 2586 981 2659 τὸν
989 2583 1189 2678 βουλόμενον
1207 2586 1293 2660 ταί-

182 2725 243 2778 τας
262 2690 323 2775 τοὶς
343 2697 528 2778 πολιτείας,
560 2696 702 2783 λέγωδὲ
730 2697 951 2787 δημοκοπίας
976 2722 1014 2765 τε
1042 2704 1121 2764 καθ’
1149 2695 1293 2766 ἕκαστον

182 2799 273 2882 εἶδος
300 2805 355 2870 καί
380 2795 479 2870 ποίλιν
498 2797 703 2890 ζδλιγαρχίας.
752 2803 883 2883 Τέλος
911 2803 969 2887 δέ,
1005 2797 1136 2872 πάντων
1160 2799 1291 2875 τούτων

184 2913 263 2986 ὅταν
278 2908 501 3005 ποιησώμεθα
521 2907 688 2999 συντόμως
708 2909 766 3004 τήν
789 2913 1001 3006 ἐνδεχομένην
1018 2917 1141 3004 μνείαν,
1163 2943 1292 3009 πειρα-

182 3020 436 3095 viniductum
461 3021 546 3100 τίνες
574 3022 705 3113 φθοραὶ
735 3023 789 3089 καί
808 3022 894 3103 τίνες
922 3024 1080 3115 σωτηρίαι
1102 3026 1167 3092 τῶν
1188 3029 1317 3094 πολι-.

184 3124 343 3204 caemraci
357 3135 448 3222 κοινῇ
468 3131 521 3198 καί
542 3132 643 3221 χωρίς
664 3124 803 3221 ἑκάστης
822 3132 877 3198 καί
898 3126 955 3199 διδ
976 3132 1066 3211 τίνας
1085 3131 1292 3213 αἷτίαςταῦ-

179 3270 222 3312 τα
230 3235 373 3329 μάλιστα
393 3240 544 3328 γίνεσθαι
556 3240 744 3330 adponant).
768 3248 870 3327 Quam
885 3268 949 3310 rem
959 3252 1068 3327 priore
1079 3248 1149 3312 ioco
1165 3251 1289 3333 posuit,

246 3495 288 3541 est
307 3490 484 3552 probabilium
503 3491 773 3563 rerumpublicarum.
809 3491 863 3539 Sed
887 3490 1001 3538 πολιτεία
1026 3488 1087 3538 ideo
1108 3492 1199 3538 status
1223 3501 1289 3538 esse

245 3594 300 3633 uon
318 3586 407 3643 potest
424 3581 758 3643 circumuertensque
775 3579 802 3628 in
814 3578 915 3640 optima
932 3579 1006 3628 cives
1023 3578 1069 3640 qui
1086 3579 1121 3626 ad
1132 3578 1288 3639 rempubli-

244 3687 302 3725 cam
320 3675 453 3723 acceduut
469 3686 563 3723 omues
581 3674 703 3722 omnibus
723 3673 820 3721 debent
844 3672 979 3722 excellere
1001 3672 1157 3722 virtutibus.
1191 3673 1285 3724 'l'otus

246 3770 335 3815 autem
355 3763 471 3826 populus
490 3776 514 3812 s.
534 3762 709 3811 civesomnes
726 3764 756 3809 ut
775 3762 829 3810 siut
846 3762 968 3810 omnibus
986 3760 1289 3827 virtutibuspraeditit,

246 3866 380 3917 nunquam
400 3866 511 3916 usquam
529 3852 620 3901 evenit
638 3853 687 3909 (ct.
706 3851 763 3900 Pei.
782 3853 829 3901 tii.
849 3851 923 3908 im:
949 3857 978 3902 at
1001 3864 1066 3901 vero
1089 3857 1119 3902 ut
1141 3851 1175 3901 ad
1207 3866 1289 3905 com·

244 3959 350 3997 munem
368 3945 508 3995 utilitatem
527 3945 646 3994 referant
664 3943 768 4007 comnia,
792 3955 859 3992 saue
883 3942 986 4005 quidem
1011 3943 1147 3993 usuvenit.
1187 3944 1286 4010 Quare

246 4034 355 4104 ὀρθαῖς
381 4037 408 4086 iu
435 4037 588 4086 civitatibus
611 4037 725 4085 πολιτεία
751 4041 793 4086 est
818 4041 894 4086 recte
920 4047 953 4085 aa
972 4035 1076 4101 merito,
1103 4038 1230 4100 quamvis
1249 4042 1286 4090 ab

245 4127 373 4198 δρθοτᾰτη
389 4131 501 4181 civttme
519 4130 671 4181 aberravit.

181 4224 230 4284 ’1)
248 4223 290 4274 m-
308 4221 363 4272 cttt-
380 4223 406 4285 ς
425 4222 471 4272 ⁴8·

184 4314 228 4380 Ὦ)
250 4315 323 4372 Τίλος
339 4312 375 4377 δέ,
390 4311 495 4365 ποὶντωκ
512 4313 609 4366 τούτων
625 4311 688 4367 ὅταν
705 4317 746 4367 sic
763 4318 979 4384 distinguendum
998 4333 1060 4371 ease
1073 4323 1167 4384 putavi
1182 4327 1289 4380 wok.
