2730 4816
619 416 916 479 -78-*

178 587 364 685 ὀλιγαρχίαν
379 595 417 662 δὲ
429 587 693 686 ἀριστοκρατίας,
715 594 939 685 δημοκρατίαν.
954 596 993 664 δδ
1014 595 1188 676 πολιτείας
1207 596 1287 664 καλ

177 705 274 793 περὶ
301 705 374 788 μὲν
401 697 736 793 ἆριστοκρατίας
764 703 831 770 καί
865 702 1089 787 βασιλείας
1112 704 1286 793 εἴρηται

175 803 236 888 (τό
264 804 340 899 γδρ
370 812 468 900 περί
494 813 567 901 τῆς
593 807 771 903 α’ρίστης
798 811 1027 892 πολιτείας
1057 815 1285 904 θεωρῆσαι

173 912 297 984 ταύτό
326 919 396 985 καὶ
417 912 696 1009 περὶτούτων
716 920 830 988 ἐστὶν
858 919 994 989 εἰπεῖν
1020 922 1099 989 ταῖν
1125 915 1283 1008 ὄνομά·

173 1054 266 1110 των,
295 1021 502 1112 βούλεται
535 1023 613 1119 γαρ
645 1028 825 1119 ἑκατέρα
854 1031 939 1096 κατ’
969 1022 1126 1120 δρετῆν
1157 1052 1282 1098 συνε-

174 1127 326 1201 στάναι
347 1137 699 1226 κεχορηγημένην)
720 1130 768 1202 ἔτι
789 1135 827 1203 δὲ
847 1134 882 1203 τί
898 1129 1280 1226 διαφίρουσινδλίήλων

171 1237 404 1332 ἀριστοκρατία
420 1245 474 1310 καὶ
491 1242 656 1328 βασιλεία,
677 1244 731 1310 καί
752 1236 835 1310 πότε
856 1243 912 1310 δεῖ
929 1242 1101 1328 βασιλείαν
1118 1243 1277 1330 νομίζειν,

171 1343 342 1440 διώρισται
356 1344 529 1442 πρότερον,
547 1344 665 1417 λοιπόν
682 1351 761 1440 περί
783 1349 955 1429 πολιτείας
975 1352 1125 1418 διελθεῖν
1146 1352 1210 1441 τῆς
1226 1353 1277 1441 τῷ

170 1461 267 1545 κοινῷ
278 1459 601 1550 προσαγορευομένης
622 1451 759 1543 ὀνόματι
781 1458 836 1524 καί
857 1458 937 1548 περί
958 1458 1024 1526 τοῖν
1043 1452 1153 1526 ἄλλων
1165 1460 1276 1528 πολι·

168 1566 265 1630 τειαῖν
287 1589 315 1630 κ.
333 1589 362 1631 τ.
377 1566 405 1634 λ.
430 1570 540 1633 Verbo
560 1571 590 1631 iu
609 1570 714 1633 medio
736 1571 841 1657 posito
862 1569 903 1633 od
927 1570 1274 1636 V11.etvsst.1ioroe

168 1679 342 1740 retulerunt
355 1678 563 1762 conringius,
579 1680 685 1742 Bertir.
696 1679 850 1761 Hilarius,
868 1678 939 1758 oiii3
958 1683 1056 1740 reote'.
1079 1680 1129 1741 De
1151 1679 1272 1762 optime

168 1786 250 1846 enim
273 1786 436 1866 republica
460 1795 493 1848 et
515 1786 555 1847 δε
567 1776 803 1871 ἀριστοκρατίᾳ
820 1794 853 1847 nt
880 1803 978 1867 reguo
1001 1783 1167 1867 disputare
1186 1785 1272 1851 ineu

167 1903 235 1974 σοις
257 1893 374 1955 dietum
389 1902 493 1954 sutem
516 1902 567 1955 est
582 1892 622 1955 de
637 1880 871 1977 δριστοκρατίᾳ
890 1902 922 1955 et
941 1911 1053 1975 regno,
1073 1912 1153 1977 ergo
1173 1895 1271 1960 etiem

164 2003 206 2066 δε
227 2006 345 2086 optime
365 2004 538 2083 republica.
580 2005 631 2067 De
652 2004 772 2084 optime
792 1982 899 2068 sutem
922 2003 1084 2085 republica
1107 2004 1271 2071 disserere

165 2117 332 2175 constituit
359 2113 389 2174 in
419 2112 483 2174 flue
505 2113 572 2176 libri
595 2116 650 2176 ΙΙΙ.
672 2123 705 2177 et
727 2132 840 2174 revers
863 2111 1015 2175 disseruit
1036 2112 1113 2176 iibro
1135 2113 1215 2176 vn.
1236 2125 1270 2178 et

164 2219 255 2283 Vin.
291 2219 395 2298 Quum
416 2229 522 2283 sutem
540 2221 604 2282 hoo
620 2220 691 2283 iooo
704 2220 915 2302 significetur,
926 2240 965 2282 se
976 2219 1017 2284 de
1030 2239 1066 2282 re
1079 2239 1162 2303 quoe
1178 2221 1269 2286 libris

164 2326 242 2390 vn.
259 2326 391 2390 etVill.
407 2335 561 2390 tractetur
582 2327 643 2390 iem
666 2326 783 2390 dietum
808 2345 900 2392 esse:
923 2327 1059 2390 efficitur
1079 2336 1157 2391 eote
1179 2329 1268 2395 hune

161 2436 264 2498 ionum
282 2435 378 2496 libros
391 2434 613 2497 vltetvffl.
624 2432 789 2515 ponendos
808 2431 892 2499 esse'.
917 2434 1010 2512 Quen
1030 2437 1268 2518 argumentatio

160 2541 211 2604 his
222 2561 349 2624 quoque
360 2542 565 2606 confirmetur
577 2540 703 2607 verbis:
714 2534 853 2626 ἑκατέρα
863 2538 934 2602 κατ’
943 2528 1063 2626 α’ρετην
1072 2529 1268 2608 συνεστάναι

160 2643 433 2734 κεχορηγημένηνς
462 2648 588 2711 virtutis
616 2650 699 2712 onim
726 2643 864 2734 χορηγία
884 2667 966 2731 quon
987 2648 1029 2712 sit
1049 2651 1202 2730 exposuit
1223 2653 1267 2717 u-

160 2757 216 2820 bro
237 2759 309 2820 vu.
344 2755 441 2836 Quod
461 2756 701 2820 Woltmonnius
721 2775 805 2839 quoe
820 2758 895 2822 istis
903 2758 1020 2822 'verbis
1038 2757 1266 2843 significentur

160 2865 265 2926 omnio
286 2865 351 2946 legi
372 2865 403 2927 in
427 2865 522 2926 tertio
537 2863 861 2944 iibroputovit,ms1e
877 2885 948 2935 eum
964 2866 1147 2932 Aristotelis
1161 2871 1265 2935 verbe

156 2970 357 3034 intellexisse
370 2987 474 3051 neque
490 2971 652 3054 cognitam
673 2971 828 3034 habuisse
849 2972 965 3036 nitendi
982 2973 1263 3060 consuetudinem,

157 3088 246 3143 reete
266 3080 310 3141 sit
330 3076 534 3160 Spengelius.
558 3075 608 3139 Δδ
631 3077 701 3140 iibri
722 3078 807 3141 tertii
829 3078 970 3143 ultimum
992 3078 1161 3145 referende
1184 3084 1263 3165 qni·

157 3185 229 3249 dem
246 3195 322 3248 sunt
344 3184 444 3253 verbo
466 3173 515 3246 ἔτι
532 3178 569 3245 δὲ
580 3177 614 3245 τί
631 3179 844 3269 διαφέρουσιν
859 3173 1008 3270 ἀλλήλων
1021 3172 1265 3274 ἀριστοκρατία

156 3285 212 3352 καί
238 3284 407 3370 βασιλεία,
438 3285 493 3352 καὶ
520 3277 605 3353 πότε
632 3288 687 3353 δεῖ
712 3286 884 3371 βασιλείαν
913 3289 1056 3375 νομίζειν
1083 3285 1262 3384 διώρισται

155 3383 325 3482 πρότερον.
348 3397 393 3458 Ar
405 3417 484 3461 vero
500 3417 539 3460 ee
552 3417 635 3481 quse
646 3400 857 3480 praeoeduut:
881 3396 936 3464 καί
950 3399 1029 3488 περί
1042 3398 1103 3487 μὲν
1115 3398 1260 3492 ἄριστο-

153 3497 685 3591 κρατίας....κεχορηηημένηνεδ
707 3510 833 3573 tertium
855 3510 966 3575 librum
988 3514 1150 3594 pertinere
1166 3515 1259 3581 nullo

153 3611 248 3678 modo
269 3620 406 3695 possunt
426 3631 487 3675 neo
509 3613 550 3677 ed
572 3617 643 3678 eius
665 3626 788 3699 portem
812 3619 958 3702 priorem,
976 3621 1006 3682 iu
1020 3640 1083 3704 que
1095 3620 1138 3685 δε
1155 3623 1259 3687 tribus

152 3719 389 3804 quaestiouibus
405 3718 521 3785 diorum
539 3731 601 3805 εει,
618 3740 679 3786 noo
698 3723 738 3788 ed
757 3726 974 3806 posteriorem.
996 3729 1029 3789 Is
1051 3740 1160 3794 eutem
1173 3732 1258 3796 Ari-

153 3835 279 3898 stotelis
294 3853 364 3898 mos
377 3843 442 3916 est,
460 3844 568 3917 utque
584 3834 624 3897 de
638 3855 673 3897 re
690 3821 854 3917 superiore
868 3839 939 3901 loeo
954 3838 1082 3904 loeutus
1102 3842 1159 3923 sit,
1179 3861 1256 3914 een

152 3939 181 4002 si
199 3952 436 4023 commemoret,
456 3952 629 4024 eriteponot
646 3944 741 4007 rebus
760 3945 830 4008 eliis
850 3947 935 4027 prius
947 3947 1073 4029 quidem
1094 3951 1257 4016 usmetis.

234 4051 325 4113 XIV.
348 4053 407 4114 Est
427 4053 519 4116 loeus
541 4052 623 4115 nlius
645 4052 675 4113 in
695 4056 801 4135 oepite
812 4055 867 4116 ΙΙΙ.
881 4042 949 4117 Ἔτι
969 4043 1055 4141 πρδς
1073 4056 1150 4132 ταῖς
1168 4048 1257 4124 κατὰ

150 4148 293 4218 πλοῦτον
305 4151 484 4243 διαφοραῖς
504 4151 593 4221 ἐστίν
610 4145 631 4242 ἦ
651 4153 712 4238 μὲν
732 4148 814 4222 xero
834 4155 924 4242 γένος
943 4149 964 4245 ἠ
980 4156 1018 4225 δὲ
1031 4160 1102 4234 κατ’
1115 4151 1254 4252 ἀρετήν,

150 4284 210 4328 ναν
236 4261 270 4329 εί
292 4283 326 4328 τι
357 4254 406 4348 δηῖ
423 4263 571 4330 τοιοῦτον
598 4262 712 4350 ἕτερον
732 4265 858 4354 εῖρηιαι
884 4258 1014 4359 νιόλεως
1039 4259 1125 4337 εἶναι
1148 4268 1256 4363 μέρος
