2730 4816
687 610 752 666 ΙΙΙ.

376 707 523 775 Quinam
541 705 688 759 civitati
703 707 779 758 aiot
796 705 1038 771 praetioleadt.

665 831 693 899 8.
716 827 766 890 40.

245 950 297 1012 lix
319 948 419 1012 tribus
442 948 682 1030 quaestionibus
701 971 763 1014 una
783 960 833 1014 est
851 950 982 1033 reliqua.
1026 948 1119 1029 Quae
1137 947 1272 1032 quidem

162 1060 207 1123 ita
228 1068 414 1140 comparata
435 1068 505 1138 est,
533 1067 568 1121 ut
589 1058 851 1120 Aristotelem‘iu
872 1058 1118 1141 disputationem
1142 1054 1184 1118 de
1205 1076 1272 1139 op-

162 1170 238 1229 tima
260 1165 420 1248 republica
445 1169 535 1249 quasi
563 1166 707 1232 inducat.
749 1168 811 1231 Est
843 1178 951 1233 autem
975 1169 1076 1234 baec:
1098 1162 1132 1230 τί
1152 1163 1209 1229 δεῖ
1227 1155 1273 1228 τᾶ

162 1263 274 1361 κύριον
293 1261 377 1337 εἶναι
403 1271 464 1360 τῆς
492 1263 639 1356 πόλεως
660 1278 771 1362 Utrum
802 1277 1013 1355 multitudini,
1042 1297 1082 1340 aa
1111 1276 1269 1358 copiosis,

163 1401 204 1445 an
226 1382 427 1464 optimatibus
448 1377 639 1458 (ἐπιεικέσι)
662 1386 692 1448 in
714 1384 876 1467 republica
894 1384 1058 1466 imperium
1073 1382 1268 1448 tradendum

163 1492 218 1571 sit,
240 1511 280 1554 an
302 1494 354 1555 uui
378 1494 513 1556 omnium
538 1495 678 1576 optimo,
708 1512 748 1556 au
770 1501 918 1576 tyranno.
967 1491 1033 1558 Sed
1056 1511 1166 1555 eorum
1190 1490 1269 1574 quid

163 1599 216 1662 vis
238 1598 334 1663 babet
355 1601 511 1683 quandam
534 1601 769 1665 dubitationem.
813 1600 933 1682 Neq'ne
955 1600 1036 1663 cuim
1059 1603 1177 1663 litatum
1199 1608 1268 1680 est,

165 1714 201 1769 ut
222 1693 377 1790 tyrannus
399 1718 453 1771 aut
474 1728 634 1790 pauperes
657 1730 786 1773 numero
806 1711 987 1791 superiores
1005 1710 1121 1772 ceteris
1137 1706 1270 1770 civibus

164 1834 220 1898 per
240 1817 315 1878 ·vim
343 1815 427 1879 bona
456 1818 598 1897 eripiant.
646 1816 771 1893 Delecti
799 1817 895 1900 igitur
922 1810 1049 1898 quidam
1071 1814 1270 1898 reipublicae

164 1920 369 2003 praeficiendi
396 1930 470 1983 suut
498 1930 553 1985 aut
580 1940 661 1984 uuus
684 1923 831 2004 optimus.
883 1924 928 1984 Aa
953 1922 1137 1983 alterutrum
1164 1919 1267 2001 sitit,

164 2029 274 2110 reliqui
302 2031 396 2092 cives
425 2028 597 2092 honoribus
630 2030 779 2092 orbantur
812 2030 965 2094 omnibus.
1019 2028 1088 2094 Sed
1120 2028 1268 2101 fortasse

164 2136 290 2218 legibus
311 2137 489 2219 respublica
511 2120 656 2220 regenda
673 2147 733 2200 est.
777 2136 862 2217 Quid
884 2136 987 2202 verul
1010 2140 1040 2200 si
1060 2125 1270 2222 ὀλιγαρχικαὶ

163 2254 239 2309 sunt
259 2247 350 2330 leges
372 2256 428 2309 ant
449 2239 707 2331 dqpouportnoli
752 2244 969 2324 Quaestioues
996 2244 1037 2309 de
1059 2265 1122 2308 uno
1144 2246 1270 2326 optimo

165 2361 199 2419 ot
228 2353 269 2418 do
301 2354 540 2434 optimatibus
532 2374 563 2415 ιιι
592 2352 687 2415 alium
718 2353 821 2415 locum
853 2351 1047 2425 differuntur
1098 2348 1270 2418 Subtiliter

164 2460 246 2527 daia
252 2463 476 2545 comprobatur
492 2462 659 2546 populum,
672 2460 767 2525 modo
788 2480 827 2523 ue
845 2462 888 2523 sit
902 2459 1048 2543 deterior,
1071 2460 1271 2543 reipublicae

161 2564 474 2653 ttatpraattciendum
497 2588 590 2653 esse,
620 2577 656 2632 ut
676 2568 727 2633 sit
751 2562 917 2653 particeps
943 2566 1137 2648 iudiciorum,
1159 2568 1269 2650 eligat

162 2676 367 2767 msqietratus
388 2675 427 2736 ab
450 2674 560 2757 eisque
583 2677 736 2738 rationem
758 2680 918 2754 reposcat
961 2673 1083 2775 Leges
1096 2690 1177 2735 varo
1200 2671 1268 2734 ‹le-

164 2782 242 2844 bere
267 2781 461 2862 reipublicae
490 2790 521 2843 ot
550 2798 702 2886 praeesse
732 2787 765 2843 et
793 2780 967 2862 imperare,
998 2799 1056 2861 per
1077 2779 1268 2861 sequidem

165 2887 273 2971 liquet.
324 2889 418 2968 Quae
445 2885 550 2959 autom
579 2910 641 2953 noo
664 2892 745 2953 satis
768 2891 948 2956 distincte
940 2913 970 2953 m
992 2888 1120 2977 legibus
1141 2893 1268 2974 scripta

162 3008 255 3080 suot,
286 2996 486 3062 diiudicanda
515 3018 555 3061 aa
583 3008 658 3061 suot
680 3000 733 3062 uui
762 3001 814 3063 vel
843 3001 992 3085 pluribus.
1042 3003 1153 3086 Leges
1182 3023 1266 3069 vero

163 3124 301 3170 necesse
323 3116 377 3170 ast
397 3107 500 3170 bonae
518 3111 586 3171 siut
607 3119 640 3172 et
661 3109 776 3173 iustae.
802 3112 911 3173 Bonae
932 3120 1040 3172 autem
1062 3112 1179 3190 oollae,
1203 3110 1268 3175 uisi

162 3213 203 3278 ad
226 3214 400 3296 probabilia
422 3216 613 3296 reipublicae
633 3235 754 3300 genera
776 3220 1047 3283 accommodatae.

247 3323 352 3402 Quum
376 3331 484 3387 autem
506 3344 599 3406 pares
621 3344 679 3409 par
695 3326 841 3409 quiddam
864 3334 897 3389 et
919 3327 1086 3410 aequabile
1107 3326 1166 3389 sibi
1188 3325 1269 3389 viu·

164 3427 283 3510 dicent,
307 3431 431 3509 quaerit
452 3431 644 3494 Aristoteles
667 3432 781 3515 quibus
800 3432 898 3494 rebus
917 3433 946 3494 ei
966 3449 1062 3513 pares
1080 3432 1144 3494 sint
1163 3449 1268 3512 opor-

163 3544 242 3619 teat,
262 3539 313 3621 qui
337 3556 431 3620 pares
452 3538 591 3602 honores
612 3541 696 3602 iuste
718 3548 837 3622 petant.
888 3538 1076 3621 Quicunque
1097 3539 1194 3622 igitur
1215 3539 1270 3603 eis

106 3631 112 3640 ⁸
162 3648 258 3711 rebus
280 3656 465 3729 praestant,
490 3648 605 3729 quibus
631 3646 785 3711 detractis
812 3647 988 3730 respublica
1017 3656 1073 3710 aut
1100 3663 1177 3709 esse
1206 3654 1269 3709 aut

161 3733 223 3821 rite
244 3755 417 3842 gubernari
439 3773 502 3817 nou
525 3758 648 3836 potest,
672 3753 713 3816 de
735 3754 867 3836 imperio
892 3757 923 3817 ei
944 3773 1056 3817 omues
1080 3754 1162 3817 iuste
1186 3773 1268 3817 oet·-

163 3873 234 3927 tare
256 3875 400 3945 possunt.
452 3862 514 3942 Qui
542 3880 621 3925 voro
651 3863 720 3925 aliis
748 3862 844 3927 rebus
873 3864 1010 3945 pollent,
1041 3883 1061 3926 a
1087 3863 1269 3945 magistra-

162 3970 247 4034 tibus
269 3971 396 4031 omnino
420 3966 604 4051 prohibendi
633 3979 716 4030 sunt.
765 3971 816 4032 lux
839 3989 901 4052 quo
924 3967 1061 4032 efficitur
1082 3987 1152 4032 eam
1175 3988 1270 4032 rem·-

102 4076 321 4161 ·,publicam
353 4095 415 4139 uon
444 4094 519 4139 esse
548 4076 759 4157 probabilem,
798 4081 830 4140 in
864 4096 927 4159 qua
965 4078 1018 4157 qui
1046 4095 1109 4138 uua
1138 4095 1173 4137 re
1204 4095 1268 4157 par

162 4191 225 4271 sit,
257 4195 379 4269 partem
407 4189 543 4251 omnium
571 4205 675 4250 rerum
704 4188 821 4252 habeat
849 4197 989 4269 partem3
1020 4198 1052 4250 et
1074 4198 1187 4252 eontra
1210 4192 1268 4273 qui

163 4317 226 4363 uno
259 4313 295 4359 re
329 4293 458 4375 dispar,
494 4295 629 4357 omnnium
665 4316 767 4358 rerum
800 4305 921 4377 partem
952 4294 1120 4377 disparem.
1181 4270 1269 4362 'ium
