2730 4816
129 2255 299 2382 [degenti
324 2291 398 2357 mihi
422 2309 484 2355 non
511 2291 582 2354 sine
600 2309 718 2376 magna
735 2289 828 2353 animi
846 2287 1060 2352 delectatione
1083 2298 1117 2353 et
1141 2308 1220 2372 per-

128 2445 277 2513 tractanti
301 2441 490 2509 Aristotelis
525 2440 649 2524 scriptu
686 2438 800 2505 abhinc
825 2457 927 2503 annos
953 2448 1022 2502 tres
1047 2438 1080 2501 id
1105 2437 1224 2504 cecidit

128 2604 383 2682 peropportune,
418 2603 456 2658 ut
487 2593 519 2656 in
550 2590 725 2656 Academia
763 2587 920 2653 Rhenanu
959 2584 1040 2651 haec
1079 2587 1119 2650 de
1150 2586 1222 2650 eius

130 2746 274 2810 Potiticis
313 2754 546 2829 proponeretur
584 2744 776 2828 disputatio:
846 2742 1018 2827 „Quonam
1055 2742 1223 2826 proposito

131 2894 332 2957 Aristoteles
359 2894 400 2956 ad
425 2893 572 2976 politices
593 2893 793 2978 disciplinam
809 2892 1008 2957 tractandam
1022 2896 1223 2977 accesserit3

130 3049 385 3124 susceptumque
421 3040 589 3104 consilium
621 3060 685 3125 qua
718 3041 842 3106 ratione
877 3043 909 3104 in
943 3043 992 3104 eis
1019 3059 1101 3123 quos
1128 3039 1224 3105 hodie

130 3191 269 3278 legimus
296 3190 500 3254 Politicorum
528 3188 617 3252 tibris
641 3196 838 3271 persecutus
866 3190 921 3275 sit,
946 3190 992 3253 ite
1017 3189 1223 3274 disquiratur,

132 3349 169 3403 ut
202 3360 285 3422 quae
316 3353 391 3407 eunt
423 3340 464 3405 de
490 3342 692 3426 singulorum
720 3351 755 3407 et
779 3342 927 3408 librorum
954 3351 986 3409 et
1009 3345 1147 3426 capitum
1173 3345 1225 3407 iu-

133 3496 309 3578 tegrum,
346 3493 457 3557 ordine
482 3499 515 3558 et
540 3493 753 3578 dispositione
779 3495 1029 3576 controversiae,
1056 3493 1226 3575 pensitatis

130 3643 171 3706 ab
198 3650 335 3723 utraque
359 3650 452 3725 parte
475 3642 670 3727 rationibus,
703 3642 930 3725 exploretur.“
981 3641 1091 3706 Medio
1118 3649 1227 3705 autem

132 3811 246 3856 mense
289 3792 395 3875 Aprili
438 3789 479 3857 A.
516 3776 901 3880 clomcccxuvur„
944 3800 1116 3874 postquam
1145 3790 1229 3855 scri-

133 3889 326 4025 ptiuncularn
353 3962 453 4009 meam
470 3943 594 4027 perfeci
619 3953 655 4007 et
678 3943 709 4032 §.
737 3943 769 4032 §.
793 3944 841 4008 36
870 3940 1062 4025 transcripsi
1077 3940 1142 4006 iarn
1160 3951 1228 4007 turn

131 4097 164 4159 in
178 4097 312 4161 mundas
329 4097 488 4183 paginus:
515 4119 535 4164 a
553 4108 766 4183 praeceptore
788 4114 860 4160 meo
885 4095 963 4161 cnr.
988 4097 1074 4182 Aug.
1091 4094 1229 4160 Brundis

134 4242 247 4324 philos.
275 4244 410 4312 doctore
432 4256 467 4315 et
497 4247 687 4334 professore
712 4265 744 4329 p.
767 4264 796 4309 o.
822 4244 981 4311 benevole
999 4263 1094 4309 manu
1119 4236 1232 4308 accedi
