2730 4816
198 612 420 677 titubarem
449 611 613 694 Courlugii
641 618 860 692 argumentum
892 620 963 674 est:
994 611 1106 693 „Nibil
1128 612 1216 676 anias

117 723 223 802 agitur
243 721 285 785 de
313 719 586 783 administratione
615 719 755 781 visitatis
776 718 936 798 optimae,
969 718 1042 782 nibil
1072 717 1115 782 de
1141 720 1214 785 eins

117 830 376 912 magistratibus,
409 828 483 890 nihil
514 828 555 890 de
576 826 708 898 iudioiis,
730 827 806 889 nibil
827 826 868 888 de
890 829 1046 906 consiliis,
1075 830 1148 893 nibil
1171 830 1214 894 de

116 939 215 1019 ipsius
242 947 297 999 aut
326 937 550 1000 mutationibus
578 944 633 998 sut
665 936 943 1001 oonservatione.“
996 938 1047 1000 De
1075 942 1216 1019 optimae

115 1048 308 1130 reipubliose
328 1047 598 1110 administratione
621 1047 715 1127 paulo
737 1045 948 1110 antedictum
973 1054 1033 1108 est
1075 1046 1127 1109 De
1141 1064 1215 1108 ma·

113 1156 301 1239 gistrstibus
325 1162 450 1234 antem,
478 1153 519 1215 de
547 1152 690 1232 iudiciis,
725 1153 861 1216 eonoilio
893 1154 1034 1217 eivitatis
1072 1153 1221 1234 optimae·

117 1264 278 1326 nonaliter
292 1264 451 1344 exposuit,
463 1280 557 1343 quam
573 1260 614 1324 de
629 1261 747 1325 ueteris
762 1263 1064 1344 rerumpublioarum
1082 1265 1215 1346 generi·

117 1371 187 1432 bus.
209 1370 335 1433 Etenim
348 1370 378 1431 iu
395 1369 463 1432 libri
482 1370 540 1431 Ν.
553 1368 614 1431 bne
635 1371 818 1452 qnaerit‚et
837 1371 892 1453 qui
912 1370 1038 1434 ereaudi
1059 1373 1124 1434 sint
1136 1374 1215 1436 inrls

117 1476 353 1559 disceptatores
366 1479 648 1561 magistratusque,
667 1487 700 1539 et
713 1477 881 1561 exquibus
896 1488 1023 1542 oonstet
1037 1480 1215 1560 eonsilium,

118 1590 201 1652 etilli
213 1590 379 1673 exquibus
392 1599 426 1654 et
438 1609 458 1652 a
468 1589 774 1672 quibusrleiiganrur
788 1599 851 1653 eto.
869 1589 964 1668 Quae
975 1588 1099 1671 quidem
1116 1609 1224 1671 quaa·

15 1689 21 1699 ’
118 1695 1226 1780 Μωὼψωωωωωωωωψωὼωωὼ.

116 1806 240 1886 quinam
250 1803 1222 1887 magistratusiudicesqueconstituendisint.lamvoroconm
1248 1836 1257 1846 ·

123 1913 246 1993 ringius
273 1912 356 1994 quod
386 1913 631 1993 disputationem
653 1912 694 1976 de
715 1911 982 1974 ooouersionibus
1001 1922 1057 1975 sut
1078 1930 1221 1976 conset·-

119 2022 398 2100 vatioueoptimae
412 2021 552 2084 eivitatie
572 2027 756 2100 exspectat,
778 2021 886 2082 mirum
909 2023 942 2082 in
963 2020 1088 2083 modum
1110 2022 1222 2085 ialsus·

119 2136 179 2188 est
221 2128 338 2210 Neque
360 2129 441 2191 enim
464 2147 506 2191 ex
527 2129 708 2190 Aristotelis
728 2130 887 2191 sententis
901 2130 1018 2210 optima
1033 2127 1222 2210 respublios-

118 2251 255 2314 unquam
278 2233 376 2296 deleri
398 2241 453 2294 aut
474 2233 619 2313 extingui
640 2241 757 2314 potest,
779 2234 839 2295 nisi
859 2244 994 2296 externa
1014 2235 1047 2295 vi
1068 2235 1121 2297 vel
1146 2236 1223 2298 im-⁸

117 2349 206 2422 potu,
231 2341 284 2402 vel
306 2359 347 2402 ne
368 2339 412 2402 ita
432 2340 570 2422 quidem.
613 2341 810 2421 Respublica
838 2344 921 2404 enlm
950 2342 980 2404 si
1003 2351 1225 2406 commutatur·

118 2459 174 2514 aut
194 2451 323 2531 interit,
351 2449 470 2530 optima
491 2466 567 2510 ease
588 2449 673 2511 nullo
696 2446 791 2514 modo
815 2455 932 2528 potest.
975 2446 1028 2510 Cl.
1049 2450 1119 2511 Pol.
1142 2450 1225 2513 vit-

119 2560 167 2623 ii.
190 2553 310 2622 Καίτοι
321 2553 418 2642 δῆλον
438 2544 484 2629 οῖς
503 2544 621 2639 ἐπειδή
641 2551 696 2617 νῦν
715 2574 753 2639 ye
767 2543 876 2617 οὐκέτι
887 2542 1030 2642 ὑπάρχει
1042 2558 1115 2631 τοῖς
1134 2547 1218 2622 Aoi-

116 2686 197 2732 κωσι
215 2661 254 2734 ari
274 2657 396 2753 ἄρχειν,
416 2655 475 2728 οὐκ
495 2655 707 2748 εὐδαίμονες,
740 2653 810 2727 οὐδ’
831 2653 851 2727 d
871 2662 1055 2752 νομοθέτης
1074 2655 1213 2751 ἀγαθός.

110 2767 178 2842 ’'Err
199 2777 236 2844 δὲ
263 2776 359 2842 τοῦτο
380 2772 519 2859 γελοῖον,
542 2768 573 2837 εἰ
598 2770 750 2854 μένοντες
770 2769 805 2838 ἐν
823 2776 894 2850 τοῖς
912 2763 1024 2856 νόμοις
1047 2766 1148 2840 αὐτοῦ
1162 2772 1218 2840 καὶ

117 2874 254 2965 pudende
275 2879 513 2962 ἐμποδίζοντος
532 2872 619 2969 προς
637 2872 676 2945 sd
694 2879 842 2968 χρῆσθαι
857 2883 929 2957 τοῖς
952 2871 1066 2964 νόμοις
1086 2873 1218 2964 ἀποβε-

118 2978 259 3075 βλήκασι
280 2978 319 3052 sd
342 2984 400 3074 ζῆν
422 2985 536 3063 καλῶς.

211 3098 270 3160 Ν.
303 3098 484 3179 Pergamus
509 3095 550 3158 ad
582 3105 808 3179 argumentum
841 3097 984 3160 tertium:
1016 3098 1217 3178 „Praeterea

118 3211 254 3291 ipsemet
275 3209 318 3274 Χ.
339 3209 443 3290 eapite
464 3200 571 3270 ultinio
594 3207 779 3271 Ethiootum
802 3207 847 3271 uti
869 3215 902 3269 et
913 3208 1120 3269 Politioorum
1145 3206 1217 3270 vii

119 3324 225 3378 monet
245 3315 286 3378 ad
306 3319 445 3396 optimae
465 3313 658 3394 reipublicae
681 3313 939 3375 eonstitntionem
962 3312 1086 3393 requiri,
1108 3320 1142 3373 ut
1163 3312 1221 3373 le·-

115 3423 211 3508 gibus
232 3423 346 3504 auique
366 3425 465 3485 aetati
492 3437 552 3484 sua
572 3420 678 3482 studia
699 3428 795 3502 atque
816 3417 924 3482 oilieia
951 3420 1215 3501 praesoribantur.

120 3531 204 3611 Quin
231 3534 303 3612 ipso
329 3537 479 3612 tabente,
509 3527 541 3591 id
562 3527 714 3610 postulari
735 3528 865 3609 quilibet
887 3526 1093 3591 dixerit...
1116 3530 1217 3593 Porro

184 3772 321 3832 tots-que
338 3765 473 3816 civitatem
490 3767 665 3829 constituere,
683 3778 739 3817 non
758 3765 887 3816 fortunae
905 3771 959 3829 est,
976 3766 1023 3814 sed
1040 3760 1220 3825 legislatoris

187 3858 290 3925 Quibus
315 3854 348 3907 ie
364 3856 446 3908 rebus
462 3855 559 3906 dlmtur
575 3857 636 3910 vii.
653 3857 680 3906 8.
698 3856 725 3904 0.
744 3854 789 3905 io.
814 3854 865 3917 (ei.
882 3853 908 3916 s.
925 3855 953 3903 s.
970 3853 1018 3904 46.
1034 3851 1105 3912 ⁴2).
1122 3852 1216 3913 itaque

185 3946 393 4009 disputationem
411 3946 443 3994 da
460 3957 494 3995 eo
512 3945 583 4007 qnod
600 3943 768 4008 legislatoris
786 3951 830 3995 est
842 3953 966 4006 magnam
985 3947 1086 4005 partam
1104 3939 1216 4003 perlisse

184 4039 350 4102 negaverim.
384 4038 477 4100 itaque
493 4035 654 4086 mensatim
672 4036 711 4086 bis
728 4035 839 4086 serbis·¹
855 4033 944 4097 „wia
960 4037 1041 4084 sonat
1057 4033 1125 4083 norb
1142 4029 1215 4083 allas

185 4142 281 4179 ausser
297 4124 398 4178 nabata
421 4128 518 4192 loigeri
542 4129 645 4176 musste
669 4126 722 4176 und
741 4122 788 4175 tar
805 4125 988 4189 cesetzgaber
1003 4136 1040 4174 su
1058 4125 1215 4176 bestlnnen

186 4223 278 4285 batte,
304 4220 375 4271 lissi
390 4220 447 4271 sieb
465 4221 499 4271 im
521 4219 636 4271 Gsnsen
653 4219 728 4269 metr
745 4219 834 4270 aines
851 4218 895 4268 als
912 4218 960 4268 mit
976 4217 1216 4282 zaserlilssiqksit

184 4308 335 4376 ωιεοεοέ·
