2730 4816
546 426 752 488 ..45-

104 624 158 687 vol
179 640 325 703 uxorum,
347 623 490 702 liborum,
509 619 864 682 bonorum-eommunis
886 622 920 676 et
941 612 1060 677 institui
1081 619 1204 693 potest,

98 736 137 796 'et
162 733 306 797 instituta
330 751 352 796 a
380 732 514 795 Platone
543 738 595 791 est
622 729 654 790 in
678 718 847 807 Πολιτείᾳ.
878 724 975 787 ··'l'um
996 722 1037 785 ad
1059 723 1203 786 Platonis

100 841 277 903 institutum
301 816 345 901 de
359 839 544 902 mulieribus
560 845 594 915 et
606 835 713 898 liboris
728 850 935 916 progressus,
955 836 1090 914 primum
1110 847 1205 893 oom-

101 948 226 1030 prount,
251 946 335 1030 q'uod
357 947 449 1010 Plato
472 944 604 1021 elliosrs
625 941 792 1018 studuerit,
815 950 855 1002 ut.
868 944 962 1022 quam
975 943 1119 1002 >maxime
1137 954 1205 998 uns
1239 1006 1242 1011 ξ

102 1062 194 1114 esset
207 1052 344 1131 olvitas,
366 1050 398 1114 id
420 1050 542 1121 oiviteti
563 1069 625 1111 non
647 1047 745 1109 modo
764 1067 825 1109 non
848 1045 1020 1126 prodesse,
1050 1044 1109 1107 sed
1132 1061 1204 1106 eam

17 1236 21 1240 ⁴
101 1169 157 1223 sut
171 1161 275 1224 ninus
287 1158 499 1223 sufficientem
513 1143 693 1241 (αὐτάρκη)
710 1154 844 1218 reddere
866 1162 922 1216 aut
942 1156 1068 1235 penitus
1085 1151 1204 1214 tollere.

101 1271 184 1334 llsin
205 1268 414 1351 demonstrlt,
436 1268 520 1352 quod
538 1270 593 1332 ills
614 1268 764 1344 voluerit,
784 1267 912 1332 etiamsi
929 1264 1120 1345 reipublioae
1136 1265 1202 1328 uti·

102 1380 222 1443 litatem
244 1378 371 1458 afforet,
392 1387 500 1442 umen
522 1377 554 1441 id
577 1396 617 1439 ea
632 1374 875 1457 haudquaquam
892 1372 976 1437 efflui
992 1374 1083 1455 lege;
1107 1391 1202 1455 quoin
1223 1375 1230 1378 ’

101 1485 247 1567 assint,
277 1495 311 1550 ut
332 1505 444 1550 omnes
464 1505 527 1549 uns
550 1485 675 1568 quidem
697 1503 791 1547 voos.
803 1483 908 1546 disant
927 1471 968 1544 vd
988 1470 1067 1560 ἐμόν
1086 1476 1142 1543 καὶ
1163 1470 1204 1544 ed

102 1581 151 1677 μή
169 1580 272 1675 dudo,
300 1611 362 1657 neo
391 1602 498 1658 umen
527 1593 590 1672 ita,
620 1601 656 1656 ut
683 1594 915 1675 aliquoszm
946 1609 1037 1653 suam
1062 1592 1204 1672 quisque

103 1703 237 1767 vocitet.
260 1702 434 1765 'dumalias
448 1699 653 1766 dillloultates
671 1700 835 1781 patefacit,
851 1717 934 1780 quae
954 1701 1020 1762 sint
1042 1698 1114 1761 ouu'i
1130 1718 1204 1762 mn·

12 1893 16 1899 .
103 1809 220 1873 lienum.
229 1810 429 1891 liberumque
443 1810 600 1873 sosietata
614 1813 727 1890 (quem
739 1806 899 1888 appellant
911 1805 1206 1877 lCti.)ooniunotae

108 1936 168 1983 oen
189 1920 314 1999 possint
334 1927 391 1981 aut
408 1920 567 2006 remoueri
585 1928 641 1980 eut
657 1919 757 1979 vitari.
781 1918 865 1979 Nem
885 1934 981 1998 quum
998 1920 1091 1978 nives
1108 1917 1206 1993 igno·

104 2036 187 2104 rent,
199 2028 290 2091 euius
302 2027 329 2087 is
342 2025 424 2088 lilius
440 2028 483 2088 sit
493 2028 549 2107 qui
560 2026 726 2105 pensavit,
740 2023 808 2085 fleri
824 2043 885 2086 non
902 2038 1013 2106 posse,
1034 2023 1109 2105 quin
1129 2040 1206 2089 outa

105 2133 200 2197 etde
222 2135 328 2196 liberis
351 2133 527 2197 educandis
555 2112 714 2194 minuatur
742 2142 775 2192 et
795 2133 1015 2195 communibus
1043 2131 1205 2195 derebus

104 2240 259 2303 omnibus.
303 2239 476 2302 Praetores
499 2237 678 2300 nominibus
706 2248 838 2319 „pator‚
869 2238 963 2319 filios,
993 2240 1112 2320 lister,
1142 2256 1204 2301 oo·

104 2348 243 2429 gnatus“
265 2362 390 2408 omnem
413 2343 591 2429 detractum
607 2345 642 2409 iri
657 2345 719 2405 vim
735 2344 1060 2429 etsignilieotiouem.
1082 2346 1203 2428 Neque
1223 2420 1227 2424 ι

27 2470 30 2475 ·
103 2456 199 2519 vitari
219 2471 330 2534 posse,
353 2455 429 2535 quin
450 2453 588 2514 nonnulli
608 2452 727 2527 iratres
746 2452 909 2516 liberosve
927 2453 988 2514 sibi
1003 2452 1124 2516 similos
1140 2472 1203 2517 nou

105 2563 330 2626 internosoaut.
383 2562 459 2625 lluo
474 2559 666 2645 ,sennan
701 2560 786 2644 quod
818 2566 1012 2643 cognatione
1044 2561 1202 2643 ignorata,

104 2681 260 2753 onguatus
290 2671 321 2733 in
346 2648 514 2751 ouguaulm
544 2672 665 2731 crimen
686 2679 870 2751 perpetrare
890 2671 993 2752 possit
1015 2678 1048 2732 et
1069 2670 1201 2751 expiare

105 2782 237 2842 omittet
274 2779 362 2865 idem
382 2784 543 2860 portinere
563 2778 603 2843 sd
624 2790 833 2867 cognatorum
853 2799 978 2844 amores
998 2781 1205 2862 illicitamque

106 2885 377 2953 eonsuetudinem.
429 2889 573 2970 lienique
602 2889 781 2970 ueritatem,
795 2906 901 2970 ,queo
934 2889 1015 2950 inter
1044 2887 1136 2949 oives
1166 2894 1202 2948 'st

106 3000 265 3074 cognatos
285 2992 375 3054 bonis
396 2992 521 3072 legibus
543 3003 713 3077 augeatur,
736 2995 799 3056 ists
820 2995 895 3077 logo
914 2995 1014 3057 minui
1034 3012 1203 3075 paeuequs

109 3099 262 3180 extingui.
305 3099 473 3160 Postremo
496 3117 630 3180 magnas
651 3100 855 3163 dililoultates
877 3119 920 3163 ex
941 3119 982 3162 eo
1003 3103 1099 3181 oriri,
1118 3099 1204 3182 quod

105 3226 146 3268 ex
167 3207 317 3289 agrionlis
332 3206 558 3288 -et‘npilleibus
581 3210 646 3270 neti
668 3209 700 3270 in
721 3208 890 3272 oustoduin
912 3211 1076 3271 numerum
1094 3216 1203 3271 mns-

105 3316 244 3378 lerantur
261 3325 299 3378 et
321 3326 495 3378 retrorsum
519 3310 673 3387 vicissim.
717 3316 810 3378 Haeo
828 3310 873 3379 ¹de
893 3315 1023 3378 liberum
1046 3333 1202 3379 uxorum·

104 3439 167 3503 que
189 3425 409 3483 eommuuione
429 3420 516 3490 (Pol.
536 3422 577 3482 ll.
601 3419 721 3492 1-4.];

167 3580 169 3585 .
214 3526 363 3608 Sequitur
384 3526 530 3608 quaestio
551 3524 591 3588 de
614 3525 775 3597 oonsortio
796 3524 879 3608 quod
900 3539 1021 3591 voeant
1039 3529 1201 3593 bonorum.

105 3637 309 3716 Disceptstur
324 3637 432 3715 igitur,
449 3655 490 3698 sx
504 3637 603 3699 tribus
617 3636 691 3719 quid
705 3639 749 3698 sit
765 3641 1079 3717 praesuntissimum·
1104 3640 1199 3719 Qun-

104 3766 170 3808 num
193 3764 296 3806 unum·
312 3742 344 3806 id
368 3752 430 3823 est,
452 3753 486 3805 ut
507 3748 576 3827 agri
598 3763 773 3827 omnesque
797 3765 852 3809 res
870 3765 930 3811 sua
949 3750 1069 3829 eoique
1084 3749 1148 3809 sint
1165 3756 1199 3810 st

104 3857 242 3935 propris,
258 3870 436 3915 communis
453 3851 565 3933 fruges
577 3865 609 3915 et
625 3870 721 3934 usust
741 3856 876 3919 alterum
899 3856 973 3918 hoio
994 3856 1197 3939 eontrarium,
1234 3872 1238 3880 ’

104 3962 228 4041 ntegri
250 3977 451 4035 communes,
475 3960 584 4042 tinges
605 3961 751 4041 propriae
773 3971 806 4024 et
826 3980 907 4026 suae
929 3962 1045 4043 cuique
1066 3962 1198 4044 deutor3

104 4071 262 4145 tertium„
281 4079 314 4128 nt
347 4070 526 4129 eommunia
557 4070 621 4131 sint
652 4079 686 4132 st
718 4076 884 4153 possessio
918 4082 952 4136 et
983 4072 1197 4135 ususirnotns.

104 4165 197 4257 Quod
219 4177 259 4239 ed
280 4179 412 4239 alterum
435 4177 591 4262 nertiuet,
613 4177 680 4240 ueri
702 4199 765 4241 non
787 4189 915 4261 potest,
945 4183 1020 4264 quin
1048 4182 1198 4263 nonnulli,

102 4287 385 4382 leborsxsiuoeoto
406 4287 528 4370 maiori,
550 4287 703 4351 minorem
724 4287 788 4350 sibl
803 4287 931 4369 lingum
948 4297 1071 4372 partam
1092 4288 1198 4356 nibu-
