2730 4816
589 346 842 463 ἐντο-

174 588 295 665 busque
323 592 552 647 conserventur
579 582 753 663 indagavit.
810 581 920 661 Quare
954 581 995 645 de
1028 593 1176 665 quattuor
1208 585 1272 648 iiiia

174 693 297 776 quidem
321 693 506 755 civitatibus
526 692 599 753 nihii
623 693 770 773 reliquum
793 700 854 752 est
878 693 923 751 At
944 697 1074 754 veroin
1099 693 1156 755 tv.
1178 694 1211 754 3.
1236 709 1270 757 et

65 822 72 837 ¹
172 802 202 863 8.
224 810 346 863 restare
367 806 423 876 ait,
445 811 478 864 ut
500 801 595 862 etiam
618 799 658 860 de
680 799 847 881 tyrannide
869 794 1054 881 disputeturss
1077 801 1205 863 Etenim
1228 801 1270 864 de

172 908 348 990 tyrannidis
372 906 543 986 generibus
564 907 682 968 dictum
706 916 755 968 est
777 907 807 967 in
841 925 879 967 ea
904 917 1007 986 parte,
1036 919 1208 989 quaeerat
1229 911 1272 970 de

170 1011 322 1097 πολιτείᾳ
351 1024 385 1078 et
414 1014 455 1076 de
478 1003 722 1098 ἀριστοκρατίᾳ.
775 1016 868 1078 Aliae
897 1025 1003 1078 autem
1030 1017 1071 1080 de
1100 1020 1270 1100 tyrannide

170 1126 384 1207 quaestiones,
406 1141 500 1205 quum
520 1141 581 1183 uon
598 1141 675 1185 esse
698 1132 793 1204 aptae
814 1122 1004 1197 viderentur,
1021 1144 1105 1208 quae
1127 1128 1268 1207 utrinque

169 1233 229 1294 iilis
251 1231 341 1292 buius
363 1234 463 1310 partis
477 1231 560 1292 iocis
572 1238 628 1292 aut
647 1230 919 1309 interponerentur
932 1241 988 1294 aut
1001 1234 1217 1296 insererentur
1228 1239 1269 1310 ¹),

45 1406 50 1414 ,
171 1348 357 1406 reservatae
378 1348 453 1401 sunt
473 1339 514 1401 ad
534 1341 630 1400 totius
652 1339 757 1418 operis
776 1339 883 1402 finem.

253 1447 390 1508 Primum
419 1446 515 1528 igitur
535 1445 728 1505 Aristoteles
750 1442 920 1527 diiigenter
943 1466 982 1509 ea
1004 1449 1171 1529 conquirit,
1196 1451 1269 1530 qui·

170 1555 230 1617 bus
251 1555 393 1636 tyrannis
416 1564 448 1614 et
475 1571 608 1634 regnum
631 1552 847 1635 depraventur
870 1563 925 1615 aot
946 1556 1071 1617 omniuo
1093 1556 1270 1620 deleantur.

167 1663 260 1741 Quod
284 1662 412 1745 quidem
434 1667 479 1726 ita
503 1663 652 1738 instituit,
685 1672 720 1725 ut
743 1663 836 1725 simui
859 1662 1073 1742 demonstret,
1097 1665 1180 1728 unde
1202 1668 1269 1728 rei·

165 1772 316 1853 publicae
336 1789 460 1852 genera
481 1769 532 1831 iila
555 1772 709 1848 oriantur,
743 1780 775 1832 et
797 1788 888 1850 quom
912 1773 1106 1853 propositum
1127 1772 1270 1836 habeant

166 1880 270 1942 finem.
315 1877 437 1939 Deinde
459 1878 601 1959 sequitur
621 1877 662 1938 de
683 1871 875 1961 μοναρχίαις
895 1880 1126 1943 conservandis
1147 1902 1270 1964 propo·

164 1987 341 2068 gandisque
362 1985 545 2066 disputatio,
571 1984 688 2047 subtile
709 1986 864 2049 scientiae
880 2007 982 2049 rerum
1005 1989 1271 2072 civiliumspeci-

164 2115 244 2156 mou.
296 2093 439 2176 Denique
470 2092 510 2154 de
544 2091 718 2172 tyrannidis
749 2106 892 2175 temporo
920 2104 953 2157 et
989 2097 1146 2160 brevitate
1173 2098 1269 2180 dicit,

163 2214 327 2286 rotamque
358 2201 440 2263 hauc
469 2200 714 2282 disputationem
740 2203 783 2264 ita
805 2204 887 2284 finit,
911 2214 946 2266 ut
965 2215 1118 2267 accurate
1140 2209 1271 2271 exami-

168 2320 222 2373 net
253 2308 394 2372 Platonis
426 2310 614 2373 senteutiam
647 2309 688 2373 de
727 2311 864 2374 flexibus
896 2313 1201 2394 rerumpublicarum
1238 2325 1271 2379 et

165 2420 463 2484 commutationibus.

660 2682 687 2750 9.
712 2678 760 2740 68.

542 2800 581 2850 lie
597 2798 657 2850 libri
676 2802 708 2850 V·
727 2802 892 2865 integritate·

247 2899 282 2957 ln
306 2897 347 2958 V.
368 2895 411 2959 3.·
421 2899 614 2981 Conriogius
636 2907 809 2968 asteriscos
834 2910 1015 2991 anteposuit
1039 2910 1163 2973 verbis.
1178 2910 1273 2974 Στα-

163 2995 313 3068 σιιοτιιιὸν
334 3004 372 3069 δὲ
392 3004 447 3069 καί
467 2999 539 3089 adp
526 3000 804 3097 μῆὁμόφολον,“
784 3037 847 3092 surg
869 3010 909 3080 ἂν
929 3009 1128 3105 συμπνεύσῃ·
1149 3011 1272 3111 ὥσπερ

162 3102 347 3196 yepodd’da
367 3132 425 3177 τον
434 3136 464 3178 τι
466 3132 587 3195 χονιος
601 3109 1069 3209 πλήθοοςπὸλιςχίχνεται,
1031 3147 1135 3203 ουτως
1145 3118 1257 3191 ουδ’
1238 3154 1273 3195 εν

161 3240 208 3300 τῳ
222 3209 349 3297 τυχόντι
361 3212 475 3308 χρόνῳ.
488 3247 515 3286 κ.
527 3246 554 3287 τ.
566 3221 635 3307 λ.;
635 3242 766 3293 auriotat
792 3243 909 3315 autem,
930 3236 1131 3299 Aristotelem
1156 3239 1210 3301 ubi
1229 3240 1273 3304 da

160 3275 1271 3424 ἱιιααᾳσιιΙίιαιο(οἷνομοιὸτιχτί)σῐσροῐοιμιισῑοιιιιίοἰσεαΙοοοισ(1εοί-

165 3437 294 3498 viitibns
303 3448 334 3501 et
343 3444 545 3525 paoperibus,
554 3445 693 3508 debonis
706 3459 738 3512 et
755 3452 853 3513 maiis.
866 3453 935 3516 Sed
946 3453 985 3516 de
996 3454 1058 3518 hae
1069 3477 1104 3518 re
1117 3454 1272 3541 leguntur

163 3548 193 3608 iu
217 3548 331 3628 capitis
353 3550 408 3613 ΙΙΙ.
430 3552 494 3612 tine
515 3552 613 3620 baec
646 3552 796 3642 Μεγίστη
822 3547 950 3638 μὲν
910 3579 966 3624 ουν
992 3559 1074 3638 ἴσως
1094 3553 1272 3644 διάστασις

163 3642 265 3739 αἱρετή
284 3651 339 3716 καί
358 3653 547 3742 μοχθηρία,
575 3648 647 3723 εἶτα
668 3659 810 3739 πλοῦτος
831 3660 885 3728 καί
906 3664 1005 3732 πενία
1027 3692 1053 3734 κ
1076 3677 1103 3733 τ.
1125 3669 1153 3735 ί.
1178 3678 1247 3736 et
1236 3698 1269 3741 rn

156 3780 232 3844 cap.
256 3763 312 3826 Ν.
356 3763 528 3829 Kreurenoi
548 3763 615 3831 δὀἱ
636 3767 801 3834 πολιτεῖαι
822 3767 916 3836 aoi'
898 3795 975 3838 οταν
996 3773 1159 3842 τάναντία
1182 3769 1272 3848 εἶναι

162 3865 320 3934 δοκοῦντα
347 3870 432 3960 μέρη
454 3871 513 3962 τῆς
534 3864 664 3954 πόλεως
684 3870 780 3966 ἰσάζῃ
801 3872 954 3968 ἀλλήλοις
977 3933 985 3962 ,
1016 3873 1086 3950 οἷον
1106 3882 1138 3949 οἱ
1159 3880 1270 3954 πλοί-

162 3995 228 4041 σιοι
253 3978 309 4043 καί
341 3973 359 4045 ὁ
386 3982 505 4069 δῆμος,
536 3982 636 4068 μέσον
657 3978 709 4076 db}
728 3980 845 4077 μικρὸν
873 3983 1024 4078 ἢμηθὲν
1043 3983 1193 4075 τιοίμπαν·
1223 3990 1270 4063 ’ἂν

181 4190 211 4255 1)
230 4191 323 4253 itaque
341 4193 365 4242 Ιιι
384 4196 469 4246 totins
485 4198 571 4258 pareto
589 4200 767 4263 dispositione
784 4203 845 4266 (Νι
863 4205 903 4268 a)
920 4203 1075 4266 tyrannidis
1093 4203 1194 4305 mentio
1208 4210 1271 4313 riou

231 4288 284 4337 en.
947 4322 950 4331 ·
1129 4320 1134 4333 ·
1163 4326 1167 4331 -
