2730 4816
620 409 832 479 ..ag-

179 597 255 660 bero
277 597 339 659 ullo
360 593 453 658 morlo
474 601 590 676 potest.
626 593 711 674 Quid
731 592 839 660 enimi
858 595 947 659 servi
969 595 1076 660 durius
1098 597 1224 662 niort
1245 599 1278 663 si

177 705 263 768 heris
285 704 437 766 resistunt
464 703 505 764 ab
532 704 643 783 eisque
675 700 845 783 deliciunt,
876 721 978 767 nonna
1005 712 1073 767 tota
1100 705 1279 770 turbabitur
1349 784 1352 789 Ι

178 812 379 897 respublica?
423 812 577 895 Singulae
598 810 714 874 domus
743 814 772 875 ai
798 814 920 877 incuria
948 815 1209 895 patrumfamilias
1232 816 1279 881 ad

177 929 360 1005 egestatem
392 916 543 980 redactae
576 926 670 997 sunt;
704 919 814 982 fierine
847 928 966 1001 potest,
1001 930 1036 983 ut
1070 923 1278 986 necessarios

176 1037 324 1108 sumptus
347 1034 414 1087 tota
435 1025 593 1087 sustineat
614 1023 755 1090 civitas?
796 1025 881 1106 Quid
903 1027 1042 1110 denique
1063 1031 1187 1093 civitati
1208 1040 1278 1095 tam

111 1155 113 1160 ·
176 1137 348 1198 exitiosum
368 1129 514 1194 cecidero
535 1139 644 1212 potest
667 1141 795 1213 tamque
817 1135 1019 1217 pestilerum,
1050 1155 1143 1220 quam
1170 1137 1277 1220 siaa,

176 1259 260 1324 qnae
280 1241 359 1303 inter
380 1240 529 1301 maritum
549 1247 582 1300 et
603 1241 791 1322 coniugem,
814 1250 967 1322 parentas
995 1245 1078 1305 inter
1099 1253 1131 1306 et
1153 1243 1278 1308 llberos

175 1359 238 1423 est,
249 1347 428 1411 coniunctio
439 1362 480 1407 ac
490 1344 696 1408 necessitudo
706 1346 798 1428 loges
809 1347 1099 1432 negligitanatura
1109 1349 1278 1418 sancitas?

257 1458 331 1519 Huc
350 1453 487 1533 accedit,
509 1453 608 1538 quod,
631 1463 664 1516 ut
685 1456 843 1518 exanimi
865 1455 1007 1537 partibus
1027 1456 1118 1521 Plato
1140 1457 1280 1523 divorsa·

173 1552 472 1646 rerumpublicarum
494 1578 616 1644 genera
634 1560 725 1623 duxit
746 1571 780 1624 et
800 1564 985 1645 explicavit,
1015 1564 1059 1627 ita
1079 1565 1280 1630 Aristotcles

174 1673 347 1736 civitatium
377 1672 470 1755 quasi
496 1671 668 1732 simulacra
694 1671 781 1732 cerui
808 1673 921 1733 statuit
948 1672 979 1734 in
1000 1671 1167 1753 familiai).
1209 1673 1279 1751 llis

172 1782 240 1844 lere
261 1780 433 1843 rationibus
453 1767 569 1840 ductus
583 1778 786 1842 Politicornm
811 1780 896 1843 initio
916 1782 1111 1846 Aristoteles
1131 1783 1279 1855 scribere

171 1890 232 1952 albi
255 1888 418 1969 proposuit
433 1886 474 1949 de
486 1878 701 1965 οἰκονομικοῖς
708 1893 737 1962 ¹)
754 1892 774 1954 i.
791 1911 819 1953 e.
833 1893 873 1953 a«
884 1895 1279 1977 imperioputrtosasriliu

171 2001 207 2056 iri
222 2015 366 2069 risorem,
378 1994 506 2068 liberor,
519 2014 629 2055 aeruca
644 2001 677 2055 ei
691 1997 730 2056 de
747 2015 784 2057 re
794 1997 954 2078 familiari
967 2003 1278 2078 administrarem).

172 2104 264 2165 llaec
285 2099 325 2163 rle
345 2099 413 2162 libri
437 2102 462 2162 l.
482 2116 555 2169 curn
578 2102 695 2165 ceteris
717 2104 940 2179 coniunctione
961 2104 1002 2169 da
1020 2107 1153 2190 eiusque
1167 2124 1276 2192 argu·

175 2209 330 2288 mantnt).
372 2212 440 2272 lam
464 2208 630 2273 dicendum
653 2220 706 2274 est

672 2445 700 2512 i.
722 2441 773 2503 20.

537 2575 576 2626 lie
594 2573 657 2625 libri
673 2574 695 2626 1.
712 2571 898 2638 dispositione.
912 2572 915 2577 '

184 2698 186 2703 ¹
251 2715 385 2781 Politica
406 2715 601 2779 Aristotelea
620 2698 667 2779 lta
690 2715 871 2794 exorditur,
903 2714 1100 2780 utbreviter
1123 2733 1278 2784 commo-

169 2832 289 2907 moret,
321 2823 406 2909 quod
428 2824 500 2887 nih.
522 2824 596 2887 Nic.
617 2824 708 2897 vlit.
734 2824 781 2886 ll.
802 2823 931 2887 uberius
959 2804 1151 2906 explicavit,
1176 2841 1275 2891 com-

76 2947 78 2952 *
170 2932 355 2997 munitatem
375 2931 500 2996 civilem
522 2931 601 2993 alica
621 2930 793 2994 societates
814 2937 847 2992 et
868 2914 1032 2995 continere
1054 2941 1087 2994 et
1103 2946 1276 3020 superare,
1344 3010 1348 3017 .

169 3061 304 3126 eamque
326 3042 417 3125 quasi
439 3039 534 3104 linem
556 3039 752 3122 propositum
779 3038 898 3108 habere
926 3058 1083 3111 summum
1114 3022 1292 3117 bonorum·

166 3198 467 3221 ψ,

180 3296 216 3357 i)
234 3298 277 3357 ei„
289 3297 348 3351 litii.
367 3295 514 3365 uicini.
532 3294 578 3347 ta.
596 3294 654 3347 Pol.
671 3295 695 3346 1.
778 3358 781 3364 Ι

182 3390 216 3449 a)
234 3387 407 3453 οἰκονομικῶν
424 3389 508 3439 libros
525 3389 558 3452 il,
575 3387 620 3451 qul
634 3383 871 3437 trierarutotetts
882 3382 985 3447 scripta
998 3383 1138 3449 teguntur,
1151 3387 1272 3441 aiban-

234 3479 345 3540 phrasin
364 3477 495 3542 originem
514 3479 611 3526 ducere
627 3475 713 3540 liquat
730 3487 765 3524 ex
783 3456 936 3524 testimonio
947 3474 1097 3524 Herculani
1112 3475 1190 3525 nobls'
1206 3489 1272 3530 ser·

234 3572 300 3617 vato
317 3566 474 3625 (Philonem.
490 3564 515 3615 ln
525 3563 724 3615 Herculaneus.
734 3563 837 3613 volum.
848 3562 1272 3626 tom.lii.eol.vtt.etxxvll.)·
1289 3628 1292 3633 .

232 3659 268 3709 ct.
285 3657 400 3709 tirannis
415 3656 525 3718 „llbelm
542 3657 630 3711 litus.“
647 3656 667 3705 Ι.
677 3653 779 3717 uano.
798 3679 830 3691 -
848 3652 976 3728 Ceterum
993 3657 1020 3708 ln
1038 3657 1106 3709 libro
1125 3657 1218 3721 priore
1237 3662 1268 3710 et

96 3724 99 3732 ¹
188 3800 191 3805 ,
232 3747 261 3800 lrr
278 3748 394 3799 altanus
411 3759 471 3810 cap.
488 3747 509 3797 1.
527 3747 574 3797 vix
592 3746 734 3811 quidquam
753 3744 901 3808 reperitur,
926 3746 990 3810 quin
1008 3747 1044 3798 sit
1060 3746 1089 3797 ln
1106 3746 1271 3800 Aristotelia

232 3840 335 3892 litttela
351 3847 380 3891 et
396 3838 519 3891 Politicir
535 3844 582 3891 aut
597 3838 780 3903 significatum
796 3842 846 3890 aut
862 3840 1022 3903 expositum.

182 3937 215 3992 8)
234 3935 272 3984 De
297 3935 375 3986 vorbi
401 3929 555 3998 οἰκονομικός
582 3932 777 3996 significatione
803 3933 840 3980 ci.
864 3933 922 3983 Pol.
947 3932 991 3982 ill.
1009 3935 1049 3984 a:
1070 3927 1110 3982 Ἦ
1126 3928 1155 3983 δὲ
1172 3934 1269 3984 τέκνοιν

229 4021 297 4092 ἆρχή
315 4029 356 4077 nui
373 4023 485 4093 γυναικός
504 4029 545 4074 aui
562 4027 603 4089 τῆς
620 4022 696 4081 οἰκίας
712 4019 798 4087 πάσης,
816 4016 845 4079 iir
863 4018 894 4087 iq*
908 4023 1037 4097 'anicium‘
1054 4019 1224 4093 elmenerii.
1248 4057 1254 4064 ·

188 4119 221 4179 t)
239 4120 324 4169 Recte
344 4118 505 4183 Spengellua
526 4118 630 4176 (Ueber
648 4118 688 4167 dio
712 4114 772 4166 Pol.
794 4117 841 4165 des
865 4113 949 4166 Arist.
973 4129 997 4178 p.
1015 4117 1073 4175 c.):
1097 4118 1170 4179 ,‚Dcs
1193 4120 1270 4168 erate

196 4230 201 4235 ·
231 4213 305 4263 Boot
322 4212 428 4263 entbittt
445 4213 602 4274 (damascia)
620 4213 708 4265 nicirtr
721 4212 830 4278 alatis
847 4211 992 4278 oberostun»)
1013 4214 1056 4266 ala
1073 4214 1271 4281 {tebergam-

235 4303 323 4368 pontt
339 4317 393 4357 aur
408 4304 538 4358 Politik‘t.
839 4283 841 4290 Ι
