2730 4816
589 403 813 466 „tlt-

167 591 234 656 Pol.
245 591 300 652 tv.
316 591 362 653 ld.
374 578 480 653 Πάλαι
491 583 529 649 δὲ
541 583 596 662 καὶ
611 583 701 670 κοινῇ
716 583 770 648 καί
799 583 899 671 χωρίς
914 583 994 671 περὶ
1008 576 1147 671 ἑκάστης
1169 584 1278 670 lefor-

165 682 1279 781 μειιιερίτολιέφεξῆςλαβόντεςαρχήιτήντιροσήκουσακ

168 793 307 869 αὐτῶν.
332 806 468 868 Disserit
483 813 589 867 autem
605 803 796 865 Aristoteles
809 803 850 865 de
861 803 1007 881 corrodia,
1017 807 1278 887 magistratibus,

167 913 299 983 indiciis.
317 912 439 990 Quibus
447 910 710 991 discrepantibus,
721 909 902 991 discrepant
910 913 1005 975 etiam
1016 912 1276 995 rerumpublica-

165 1042 235 1087 rum
266 1022 396 1083 torinna.
440 1022 488 1083 tta
519 1038 598 1082 vero
628 1019 668 1081 du
699 1020 746 1083 eis
778 1019 930 1101 disserit,
964 1029 998 1083 ut
1021 1042 1132 1086 eorum
1163 1041 1275 1107 genus

166 1148 258 1192 suum
279 1127 393 1207 cuique
415 1126 710 1205 rerumpublicarum
733 1126 843 1206 generi
865 1128 956 1208 quasi
976 1129 1137 1192 attribuat.
1176 1131 1275 1208 Quae

168 1254 222 1300 res
250 1235 323 1319 quid
360 1236 400 1300 ad
429 1237 540 1299 librum
574 1237 615 1297 V.
645 1234 684 1296 de
712 1235 889 1298 civitatium
921 1237 1186 1319 commutatione,
1219 1237 1276 1299 in.

168 1346 278 1422 terito,
314 1339 581 1408 conservatione?
600 1342 658 1408 'At
687 1359 766 1406 vero
787 1341 865 1407 libro
887 1343 945 1404 Vl.
971 1342 1012 1405 de
1033 1343 1274 1408 constituendis

166 1448 401 1538 δημοκρατίαις
423 1461 456 1515 et
477 1439 677 1534 ὀλιγαρχίαις
698 1453 810 1532 negari
832 1468 895 1511 uon
915 1460 1022 1531 potest
1034 1450 1066 1513 id
1080 1454 1186 1532 ipsum
1197 1471 1276 1514 osse

167 1559 350 1649 principium
380 1559 515 1621 maxime
544 1556 690 1622 idoneum
720 1545 838 1641 (ἀρχὴ
863 1544 1119 1643 προσήκουσαν
1172 1559 1272 1636 Quae

167 1686 262 1750 quum
285 1668 328 1729 ita
349 1667 434 1740 sint,
467 1666 650 1747 principium
672 1664 711 1728 ab
734 1682 773 1727 ea
795 1684 846 1744 re,
882 1666 972 1728 cuins
992 1676 1043 1733 est
1065 1667 1272 1755 principium,

166 1773 355 1837 disiunctum
382 1791 455 1836 esse
477 1772 625 1835 dicimus.
673 1803 678 1817 ·

251 1904 309 1967 tv.
341 1902 408 1967 Sed
446 1902 528 1985 qnod
571 1906 631 1965 tria
663 1902 718 1964 illo
752 1904 861 1983 capita
900 1900 1143 1988 demonstrant,
1181 1906 1276 1970 locus

169 2012 295 2096 quidum
327 2012 380 2092 qui
404 2012 451 2073 eis
474 2015 556 2073 inest
585 2021 649 2075 tam
682 2010 853 2075 manifeste
885 2009 1044 2092 declarat,
1081 2021 1115 2077 ut
1143 2019 1199 2094 qui
1219 2025 1277 2078 at·-

166 2129 252 2184 tento
280 2121 383 2181 animo
408 2122 496 2202 legat
525 2139 597 2181 eum
629 2118 659 2181 id
688 2121 804 2203 sugere
827 2121 1027 2196 nullomodo
1053 2123 1163 2202 possit
1207 2126 1275 2188 tcn

168 2237 274 2292 autem
296 2228 364 2292 bie:
395 2226 466 2304 Pul.
495 2228 552 2290 tv.
577 2228 624 2291 ib
647 2222 688 2292 Oi
707 2224 767 2308 μὲν
787 2214 843 2294 οὖν
872 2216 993 2314 τρόποι
1015 2226 1081 2293 τῶν
1106 2227 1188 2316 περὶ
1211 2221 1277 2311 τοὶς

97 2317 101 2324 ’
166 2326 271 2421 ἆρχᾶς
298 2333 447 2399 τοσοῦτοι
476 2325 532 2399 τόν
559 2325 706 2423 ἀριθμόν
731 2330 797 2402 εἰσι
817 2333 872 2402 καὶ
899 2325 1069 2423 διῄρηνται
1098 2328 1183 2402 κατοὶ
1209 2330 1275 2419 τας

167 2441 337 2518 πολιτείας
358 2433 572 2520 elleborine
593 2439 639 2509 δὲ
658 2439 749 2511 τίσι
777 2442 985 2531 συμφέρει
1007 2443 1184 2522 καὶπῶς
1205 2445 1276 2512 dei

167 2548 366 2639 γίνεσθαι
398 2541 472 2625 τας
504 2540 801 2630 καταστάσεις,
833 2542 917 2633 ἅμα
944 2555 1035 2628 ταῖς
1063 2544 1275 2636 donuinam

166 2659 242 2727 τῶν
263 2651 396 2745 α’ρχῶι
421 2656 493 2722 καὶ
514 2653 624 2734 τίνες
642 2652 761 2743 εἰσίν,
792 2651 910 2725 ἔσται
938 2649 1133 2748 φανερόν.
1176 2666 1275 2745 Quas

168 2771 267 2838 verba
303 2769 395 2851 qnasi
429 2768 588 2850 quandam
625 2767 864 2848 dispositionem
897 2771 1082 2849 praeposuit
1119 2777 1272 2856 sequenti

167 2877 380 2959 disputationi.
424 2876 560 2958 intelligi
589 2879 673 2938 euim
701 2895 769 2941 eam
798 2878 916 2955 voluit,
952 2896 1033 2959 quae
1063 2889 1114 2944 est
1134 2881 1165 2943 in
1187 2883 1272 2946 libro

168 2985 226 3049 Vl.
252 2985 340 3048 1-7.
361 2994 395 3048 et
415 2987 444 3048 8.
467 2984 507 3048 de
521 2988 755 3051 constituendis
769 2975 970 3073 ὀλιγαρχίαις
987 3000 1020 3054 et
1033 2986 1276 3078 δρμοκαρτίαις
1318 3066 1322 3073 ,

168 3093 272 3175 τίσαιτο
293 3095 532 3177 magistratuum
554 3115 694 3161 numero.
738 3097 987 3181 Quamprimum
1009 3111 1117 3163 nutem
1138 3102 1213 3165 huic
1232 3121 1276 3167 se

168 3209 326 3285 promisso
354 3206 593 3268 satisfacturum
623 3206 760 3273 vocibus
800 3196 893 3270 ἔσται
927 3196 1069 3293 φανερὸν
1105 3208 1270 3274 indicavit.

168 3313 205 3377 td
224 3314 306 3375 enim
329 3315 526 3380 observasse
548 3318 621 3379 mibi
644 3317 768 3398 videor,
791 3317 1033 3402 disputationem
1052 3324 1270 3402 quamstatim

168 3424 211 3482 sit
230 3420 435 3501 ingressurus
458 3444 526 3486 eum
548 3426 730 3507 siguificare
760 3429 867 3488 verbis
891 3419 982 3489 ἔσται
1012 3417 1176 3515 φανερόν,
1208 3451 1271 3494 re·

171 3528 335 3589 notiorem
369 3539 472 3591 autem
508 3531 614 3593 verbis
652 3521 788 3617 ὕστερον
821 3528 966 3618 ἐροῦμεν
1020 3540 1066 3597 At
1099 3535 1269 3618 vulgarem

169 3634 316 3698 librorum
349 3634 490 3699 ordinem
519 3647 673 3719 secutus,
715 3641 934 3719 quaestionem
968 3662 1063 3726 quatu
1091 3655 1271 3725 exspectas

171 3747 325 3825 cuiusque
347 3746 410 3807 iam
441 3742 542 3807 babes
569 3746 767 3826 partitionem
803 3765 865 3812 non
887 3750 973 3831 prius
996 3750 1149 3830 offendes,
1169 3773 1270 3838 quam

170 3849 310 3926 perlecto
330 3848 407 3912 libro
427 3852 546 3929 quinto.

254 3982 293 4044 V.
316 3985 382 4045 lam
404 3999 482 4043 vero
505 3985 652 4063 praecisa
673 3983 785 4046 triade
807 3985 922 4067 quibus
945 3991 1052 4070 agitur
1066 3994 1171 4075 capita
1190 4011 1269 4058 asse

169 4087 324 4152 videntur.
345 4090 460 4172 Neque
482 4091 563 4153 euim
587 4091 780 4156 Aristotelen
803 4112 890 4158 more
913 4098 1065 4161 conclusa
1085 4098 1264 4182 disputatio

168 4207 227 4261 est.
273 4196 362 4260 Unde
382 4199 521 4280 suspicio
545 4210 630 4282 erat,
657 4211 754 4282 capnt
775 4203 875 4267 ·xvt.
897 4220 973 4268 esse
991 4207 1132 4271 mutilum
1154 4209 1214 4281 (ct.
1234 4217 1268 4285 s.

169 4307 246 4377 63].
282 4305 323 4367 bit
343 4304 487 4386 profectu
508 4311 634 4372 omnino
656 4329 717 4373 uon
740 4320 790 4373 est
810 4313 977 4396 integrum.
1021 4317 1149 4381 utentur
1171 4316 1271 4383 buius
