2730 4816
601 399 807 465 ..74-

178 574 339 671 &produn
369 578 471 666 περὶ
497 577 577 665 τῆς
604 567 800 662 τοιαύτης
820 571 990 652 πολιτείας
1010 565 1032 661 rp‘
1052 573 1174 666 σκέψις
1193 579 1285 648 effici

156 699 158 703 '
179 695 294 777 aliquid
304 713 402 776 posse
415 692 604 774 putaverim.
628 688 695 753 Sed
707 705 900 771 quaeramus
912 687 1050 770 vestigia
1063 687 1135 750 alia.
1159 687 1283 752 Ultimo

178 805 210 866 irr
233 805 339 886 capite
364 802 451 866 Vlll.
478 800 558 862 haee
578 807 672 861 sunt:
698 787 805 858 ἄλλων
822 786 884 880 yoip
906 789 975 860 ἐστι
995 791 1135 879 καιρῶν,
1167 797 1284 878 quibus

177 912 317 975 iudicare
336 912 419 972 solet
441 926 499 970 eos
524 911 623 985 loeus,
645 912 699 990 qui
722 917 898 972 tractantur
921 925 1038 989 magno
1058 908 1164 987 spatio
1177 908 1282 971 inter-

178 1021 292 1101 poeito.
317 1019 372 1079 llla
389 1017 489 1080 verba
506 1025 611 1078 autem
628 1016 785 1096 pertinent
801 1012 842 1076 ad
858 1014 928 1081 Pol.
943 1010 1027 1075 Η.
1041 1024 1075 1077 et
1089 1013 1133 1097 7.,
1146 1032 1233 1097 quae
1251 1016 1281 1077 si

179 1129 365 1193 retinendus
387 1139 475 1191 esset
497 1128 645 1190 librorum
668 1126 758 1208 ordo,
778 1128 809 1189 iu
826 1126 937 1189 eadem
954 1133 1065 1189 essent
1077 1127 1283 1191 l-’olitieorum

179 1249 279 1321 parte.
302 1239 389 1301 ldeur
411 1236 495 1299 oodit
515 1238 546 1298 in
569 1254 619 1315 ea,
644 1242 819 1318 quaesunt
839 1235 870 1296 iu
892 1237 998 1314 capite
1022 1235 1070 1295 lX
1073 1272 1208 1298 .....
1223 1224 1284 1317 τήν

179 1336 266 1432 προς
287 1333 364 1418 τούς
384 1334 525 1430 ὅῤῥετας
544 1331 686 1427 ποιήσας
706 1331 845 1422 ὁμιλίαν,
863 1329 993 1429 cepido
1014 1334 1045 1404 εἰ
1059 1330 1225 1430 φαύλωςῆ
1236 1333 1284 1430 μῆ

180 1442 315 1540 φαύλως
342 1448 455 1535 ἕτερος
481 1443 574 1513 ἔσται
600 1447 659 1513 τοῦ
688 1445 941 1537 διασκέψασθαι
976 1436 1138 1535 καιρόςς
1171 1453 1284 1534 quibus

180 1563 323 1626 eiusdem
344 1562 412 1625 libri
425 1561 467 1623 V.
479 1559 640 1642 significat
662 1578 754 1642 capp.
772 1560 925 1622 xerxi.
969 1559 1162 1621 Aristoteles
1183 1563 1283 1645 igitur

180 1670 231 1733 bis
252 1671 313 1732 sibi
342 1671 421 1733 locis
443 1679 582 1732 autnon
604 1670 746 1732 constitit
774 1675 830 1731 aut
856 1668 953 1729 alium
977 1666 1110 1728 instituit
1132 1665 1282 1735 librorum

181 1776 332 1841 ordinem.

265 1885 323 1947 Vl.
345 1883 412 1944 lam
434 1881 474 1943 ed
496 1900 533 1943 ea
556 1889 743 1966 argumenta
766 1878 1063 1964 transgrediendum
1087 1889 1138 1944 est
1151 1925 1162 1963 ,
1201 1899 1284 1963 quo-

182 2011 248 2055 rum
272 1990 406 2073 plurima
429 1980 489 2050 iam
513 1991 552 2051 ab
576 1990 644 2050 aliis
670 1989 699 2051 in
722 1989 858 2051 medium
881 1988 1003 2070 prolata
1024 1997 1106 2050 anot.
1155 1990 1286 2069 Optima

182 2105 282 2178 ipitor
305 2098 484 2175 rerpubir’eo
503 2115 562 2174 per
583 2117 663 2177 quor
677 2099 817 2173 rependo
837 2101 889 2169 eit,
902 2095 1079 2178 investigat
1094 2095 1287 2160 Aristoteles

183 2209 252 2271 libri
274 2208 328 2268 ΙΙΙ.
353 2213 441 2287 parte
464 2205 581 2265 ultima.
605 2202 688 2282 Quid
712 2201 841 2268 autem?
862 2205 979 2265 Nonne
998 2213 1113 2286 perget
1133 2203 1174 2266 de
1197 2207 1286 2287 opti·

68 2313 72 2319 ’
183 2335 235 2379 mo
263 2310 422 2397 republica
451 2313 614 2394 disputare
641 2315 776 2391 eiusque
797 2329 959 2393 exponere
980 2311 1090 2395 legas,
1123 2312 1285 2393 instituta,

184 2419 407 2506 disciplinam?
433 2420 516 2500 Quid
529 2429 592 2481 tam
610 2439 629 2481 a
649 2437 730 2482 sano
753 2417 875 2499 ordine,
892 2418 964 2501 quid
987 2430 1051 2480 tarn
1076 2436 1097 2480 a
1117 2429 1208 2482 recta
1231 2419 1287 2483 di-

183 2533 330 2614 sputandi
353 2536 475 2594 ratione
495 2531 662 2610 abhorret,
690 2528 940 2611 quamprimum
962 2530 1002 2588 de
1034 2533 1151 2607 optimo
1183 2550 1288 2609 repn-

184 2645 266 2704 terea
290 2641 407 2721 dicere,
428 2638 541 2701 deinde
563 2657 601 2700 ea
624 2638 837 2720 disputatione
853 2647 975 2700 temere
990 2639 1149 2719 praecisa,
1168 2641 1210 2701 de
1231 2662 1289 2702 re·

183 2747 280 2827 liquis
298 2747 478 2833 civitotiboe
498 2745 516 2805 i.
539 2764 566 2808 e.
581 2745 640 2804 elia
654 2744 694 2805 de
715 2763 751 2804 re
766 2742 908 2825 diversa,
933 2753 998 2806 turn
1013 2745 1063 2806 his
1077 2745 1290 2827 interpositis,

183 2853 303 2916 reveiti
325 2854 369 2912 od
386 2855 534 2924 optimam
560 2851 804 2928 rempublicam,
837 2868 973 2932 eamque
1000 2854 1217 2932 quaestionem
1243 2855 1290 2918 ad

184 2960 280 3024 linem
294 2958 478 3042 perducere.
499 2960 573 3021 Ηοο
585 2962 616 3021 in
631 2960 837 3021 Aristotelem
854 2957 943 3022 certe
959 2962 1074 3025 eadere
1091 2983 1152 3024 noo
1165 2973 1291 3045 potest.

266 3070 342 3132 Vll.
366 3072 431 3131 lom
453 3065 493 3130 ad
516 3076 613 3149 caput
634 3068 759 3130 xvttr.
773 3073 988 3150 pervenimus.
1033 3072 1094 3134 Coi
1110 3074 1291 3154 compluria

183 3179 291 3242 insunt
308 3184 511 3261 argumenta,
529 3195 615 3257 ‘quae
637 3178 757 3257 primus
767 3177 933 3260 indagavit
948 3182 1062 3260 partim
1079 3179 1291 3264 conringins

185 3288 297 3369 partim
310 3289 465 3366 Hilarius,
479 3287 590 3367 partim
604 3286 809 3367 Spengelius.
832 3287 900 3349 Sed
912 3287 951 3380 ad
972 3307 1037 3348 rem
1060 3293 1162 3371 ipsam
1183 3306 1292 3353 acce-

186 3393 307 3455 damus.
331 3395 388 3456 lllo
403 3396 498 3474 igitur
513 3393 618 3474 eapite
636 3396 829 3457 Aristoteles
847 3394 1051 3474 probabilium
1074 3397 1292 3478 rerumpubli-

186 3520 293 3564 carum
306 3519 375 3562 eam
388 3501 536 3580 optimam
550 3520 624 3578 esse
637 3503 718 3564 dicit·
730 3506 781 3565 cui
800 3503 942 3584 praesint
954 3506 1076 3587 optimi,
1096 3505 1166 3566 sive
1178 3513 1290 3569 status

181 3613 229 3674 -sit
243 3611 360 3696 regalis
375 3613 448 3672 sive
463 3612 670 3692 optimatium,
691 3619 721 3675 in
743 3634 807 3697 quo
829 3618 880 3705 alii
902 3622 1027 3699 possint
1051 3617 1292 3700 obtemperare,

186 3721 344 3804 imperare
361 3720 414 3783 alii
428 3723 531 3782 omnia
552 3721 731 3786 referentes
754 3725 793 3786 od
817 3731 916 3790 vitarn
937 3728 1086 3809 optimum
1109 3712 1211 3810 (προς
1230 3713 1294 3807 τήν

186 3815 407 3912 αἱρετωτάτην
416 3811 525 3910 ζωήν).
544 3825 803 3908 Optimneautem
814 3835 1000 3915 reipublicae
1009 3833 1293 3914 civibusquoniam

72 3956 76 3965 ⁸
186 3925 271 4021 πρός
281 3926 339 4020 τήν
350 3923 572 4021 αἱρετωτάτην
581 3926 668 4021 ζωήν
681 3943 785 4003 omnia
801 3941 967 4005 referenda
989 3954 1074 4021 sunt,
1096 3941 1237 4022 inprimis
1249 3959 1294 4004 ea

188 4063 270 4127 quae
282 4046 324 4107 sir
336 4044 500 4108 sciendum
520 4055 579 4108 est.
602 4047 692 4127 Ergo
702 4052 834 4130 primum
848 4049 1042 4112 instituenda
1055 4048 1228 4130 disputatio
1237 4060 1294 4112 es't

188 4155 229 4219 de
246 4142 448 4241 αὶρετωτάτῃ
465 4151 543 4241 ζωῇ.
565 4159 656 4220 llece
678 4170 782 4222 autem
805 4161 904 4221 tribus
928 4159 1013 4221 libris
1034 4159 1243 4240 interpositis,
1257 4159 1292 4220 irr

188 4259 256 4327 libri
282 4265 355 4328 Vll.
379 4263 509 4327 exordio
530 4266 575 4327 ito
596 4265 755 4349 tegimur:
776 4260 863 4350 ssepi
879 4258 1050 4339 πολιτείας
1060 4255 1118 4328 τοι
1129 4260 1294 4346 μέλλοντα
