2730 4816
101 611 205 690 Quam
226 611 289 675 ulai
309 608 401 673 nivea
425 609 551 690 colunt,
581 610 613 673 iu
638 609 825 675 servituto-
856 606 1038 690 redigantur
1058 623 1197 670 occeano

102 728 162 783 cat.
203 722 241 782 lu
262 717 326 782 otio
348 726 458 780 autcm
479 718 532 798 qui
554 717 667 780 vivunt
681 717 777 779 etiam
798 719 830 777 in
855 715 1054 797 philosophia
1069 731 1198 796 operam

102 838 228 905 ponunt
271 821 339 886 Sed
362 840 425 902 qun
444 823 565 884 ratione
588 819 658 902 flat,
679 828 715 883 ut
729 821 788 883 illis
803 821 1075 888 virtutibuacivea
1089 839 1199 883 omnea

102 932 280 1010 excellant,
309 930 370 1009 iam
393 929 563 992 videndum
587 935 648 991 eat.
691 927 798 1006 Quom
822 929 919 1012 igitur
947 929 1131 991 necessaria
1156 928 1201 992 uit

101 1046 225 1117 natura,
248 1036 455 1119 consuetodo,
478 1037 660 1119 disciplinn3
682 1037 723 1100 do
744 1047 856 1101 natura
877 1051 982 1100 autem
998 1056 1096 1118 nupta
1117 1039 1198 1103 satia

101 1151 144 1211 alt
165 1149 363 1232 exponitumt
393 1149 434 1211 de
461 1147 693 1212 consuetudine
713 1158 746 1211 ot
769 1148 937 1230 disciplina
966 1149 1120 1231 reliquum
1149 1154 1200 1213 ort

108 1266 143 1319 ut
163 1255 294 1320 dicatur.
337 1256 476 1320 Prlmnm
499 1265 606 1318 autem
628 1254 844 1339 quaerendum
865 1264 926 1333 est,

601 1451 630 1519 S.
652 1449 702 1509 51.

177 1577 273 1627 utrm
290 1574 434 1640 dlaclpllna
451 1575 537 1642 prino,
553 1589 589 1628 an
607 1578 804 1629 cousuetudine
821 1577 898 1631 liberi
916 1577 1045 1629 educandi
1061 1578 1124 1630 alut.

189 1694 315 1777 Corpus
335 1696 424 1776 prins
446 1696 588 1778 gignitur
609 1715 703 1778 quum
726 1701 864 1775 animun,
893 1697 987 1760 animi
1014 1716 1089 1780 pars
1117 1716 1200 1780 quac

103 1800 201 1865 habet
221 1801 410 1886 cupiditales
429 1804 628 1889 rationisque
647 1811 699 1867 unt
720 1824 838 1887 expers
860 1807 960 1888 prius,
984 1824 1077 1888 qnam
1100 1805 1200 1872 altera

104 1929 188 1993 quae
208 1911 337 1974 ratiouin
358 1919 409 1976 est
429 1914 600 1994 particeps.
635 1913 743 1992 Quare
763 1916 965 1999 perspicuum
988 1924 1051 1991 eut,
1074 1917 1201 1994 corpori

105 2018 240 2100 priorem
264 2016 472 2082 adhibendam
495 2037 569 2081 caue
592 2022 786 2085 curationem
808 2022 903 2085 animi
928 2024 1051 2105 gralia,
1086 2021 1202 2086 deinde

103 2111 211 2209 diripui
232 2127 327 2190 animi
351 2127 429 2208 parti
452 2129 566 2191 mentis
587 2132 693 2210 gratia
715 2130 800 2203 (Pol.
823 2130 897 2193 vll.
922 2130 999 2203 liu).

188 2223 294 2310 Quum
316 2243 422 2296 autem
445 2252 465 2295 a
487 2235 637 2316 principio
665 2235 838 2318 legislatori
867 2237 1039 2300 curandum
1068 2237 1131 2318 nit,
1165 2215 1222 2301 ut·

105 2360 198 2425 quam
220 2342 336 2422 optima
360 2341 426 2405 nint
448 2360 594 2424 corpora,
616 2344 721 2425 capite
741 2345 833 2408 XVI.
854 2345 1061 2425 philosophus
1081 2345 1200 2426 expla-

107 2461 173 2533 nat,
196 2461 229 2514 et
251 2468 314 2533 qua
334 2460 441 2513 aetate
461 2454 494 2513 in
517 2453 745 2516 matrimonium
767 2452 906 2515 eundum
927 2457 973 2516 ult
993 2463 1026 2516 ct
1046 2454 1203 2536 qualibus,

104 2578 200 2642 quum
223 2559 374 2638 maribus,
398 2567 463 2622 turn
486 2559 622 2622 feminis.
673 2561 819 2644 Denique
846 2570 1019 2643 praecepta
1042 2561 1120 2623 dare
1140 2581 1202 2624 nou

107 2667 213 2732 omisit
229 2668 412 2732 mulieribus
431 2668 681 2754 praegnana'buo
694 2669 735 2733 do
748 2670 914 2752 aptissima
928 2668 1057 2732 vivendi
1071 2669 1203 2732 rationu.

593 2910 622 2978 §.
645 2907 694 2968 52.

109 3029 149 3079 lle
164 3024 309 3079 educandis
330 3027 478 3081 lunanum
497 3045 580 3098 nuque
602 3036 637 3085 ad
658 3035 757 3085 netntls
773 3047 873 3085 aunum
892 3036 926 3086 v.
944 3039 972 3085 ct
987 3035 1048 3085 lude
1066 3046 1084 3084 a
1102 3037 1135 3086 V.
1154 3048 1204 3086 na-

561 3141 614 3192 qne
631 3129 666 3179 ad
683 3130 743 3181 vll.

190 3268 332 3333 lnlnuten
354 3250 418 3334 lam
438 3289 457 3332 a
478 3270 578 3353 prima
599 3280 706 3333 aetate
727 3270 962 3335 usruotnoiendi
993 3279 1069 3333 sunt
1099 3288 1203 3355 quas·

105 3376 177 3441 dam
208 3377 249 3440 ad
273 3396 327 3440 rus
356 3376 560 3460 lniucundas3
588 3376 618 3439 id
648 3376 730 3439 enim
760 3375 800 3440 ad
830 3377 998 3441 sanitatem
1022 3377 1148 3442 cuniert
1170 3387 1205 3443 et

106 3486 148 3549 ad
171 3485 394 3549 fortitudinem.
416 3485 603 3552 Cavendum
623 3495 673 3551 eat
690 3495 798 3553 nutem
815 3487 867 3550 vol
887 3486 1140 3574 diligentissimo,
1163 3505 1205 3553 nc

106 3593 206 3676 puori,
229 3593 280 3679 qui
304 3611 404 3674 unque
425 3594 466 3657 ad
488 3614 602 3659 aunum
614 3594 691 3659 Vll.
712 3594 796 3659 domi
818 3596 1007 3677 nutriuntur,
1031 3615 1072 3659 ex
1094 3599 1203 3661 servis

106 3700 306 3766 inhonestum
335 3699 409 3785 quid
439 3710 472 3765 ct
500 3711 592 3787 turpe
618 3701 748 3765 audiant
775 3712 830 3766 aut
858 3702 997 3766 videant.
1041 3703 1071 3764 A
1096 3700 1204 3783 quinto

106 3821 210 3875 autem
233 3809 349 3872 aetatis
372 3826 454 3872 anuo
476 3827 576 3895 unque
598 3811 637 3874 ad
659 3812 731 3873 Vll.
754 3812 814 3873 iam
837 3811 921 3894 aptis
941 3808 1126 3892 quibusdum
1142 3807 1203 3871 do·

107 3920 216 3984 ctrinis
239 3917 398 3989 imbuendi
419 3928 505 3980 snut.
528 3919 649 3997 Quibus
671 3922 713 3985 ita
735 3922 901 4003 expositis,
915 3919 1205 3989 Aristotelesviana

108 4029 204 4091 munit
225 4026 264 4089 ad
281 4029 392 4090 librum
410 4027 510 4106 vill,
532 4027 584 4109 qui
607 4037 656 4090 cat
678 4027 718 4092 de
739 4027 931 4091 educatione
949 4025 1203 4093 adulescentium

106 4136 147 4198 ab
169 4154 249 4196 anuo
268 4134 341 4200 Vll.
364 4153 465 4216 nsque
487 4133 527 4197 ud
549 4132 748 4216 pubertatem
771 4143 803 4193 et
825 4131 897 4194 iude
919 4152 939 4195 a
960 4133 1124 4214 pubertate
1145 4154 1203 4198 us·

106 4263 166 4326 que
188 4241 228 4306 ad
249 4260 362 4307 annum
384 4244 480 4309 XXI.
