<?xml version="1.0" encoding="UTF-8"?>
<!DOCTYPE html PUBLIC "-//W3C//DTD XHTML 1.0 Transitional//EN"
    "http://www.w3.org/TR/xhtml1/DTD/xhtml1-transitional.dtd">
<html xmlns="http://www.w3.org/1999/xhtml" xml:lang="en" lang="en">
 <head>
  <title>
</title>
<meta http-equiv="Content-Type" content="text/html;charset=utf-8" />
  <meta name='ocr-system' content='tesseract 3.04.00' />
  <meta name='ocr-capabilities' content='ocr_page ocr_carea ocr_par ocr_line ocrx_word'/>
</head>
<body>
  <div class='ocr_page' id='page_1' title='image "./dearistotelispo00nickgoog_0020.png"; bbox 0 0 2730 4816; ppageno 0'>
   <div class='ocr_carea' id='block_1_1' title="bbox 585 390 773 452">
    <p class='ocr_par' dir='ltr' id='par_1_1' title="bbox 585 354 773 452">
     <span class='ocr_line' id='line_1_1' title="bbox 585 390 773 452; baseline -0.005 -14"><span class='ocrx_word' id='word_1_1' title='bbox 585 390 773 452; x_wconf 75' lang='lat'>..5-</span> 
     </span>
    </p>
   </div>
   <div class='ocr_carea' id='block_1_2' title="bbox 183 619 1125 885">
    <p class='ocr_par' dir='ltr' id='par_1_2' title="bbox 183 619 1125 885">
     <span class='ocr_line' id='line_1_2' title="bbox 548 619 810 676; baseline -0.019 1"><span class='ocrx_word' id='word_1_2' title='bbox 548 619 725 676; x_wconf 60' lang='lat' dir='ltr'><strong>offis!</strong></span> <span class='ocrx_word' id='word_1_3' title='bbox 747 619 810 674; x_wconf 87' lang='lat'><strong>11.</strong></span> 
     </span>
     <span class='ocr_line' id='line_1_3' title="bbox 183 740 1125 833; baseline -0.01 -25"><span class='ocrx_word' id='word_1_4' title='bbox 183 802 193 814; x_wconf 60' lang='lat'><strong>„</strong></span> <span class='ocrx_word' id='word_1_5' title='bbox 233 747 283 808; x_wconf 82' lang='lat' dir='ltr'><strong>De</strong></span> <span class='ocrx_word' id='word_1_6' title='bbox 304 742 436 805; x_wconf 77' lang='lat' dir='ltr'><strong>oonsilio</strong></span> <span class='ocrx_word' id='word_1_7' title='bbox 454 745 562 819; x_wconf 82' lang='lat' dir='ltr'><strong>portis</strong></span> <span class='ocrx_word' id='word_1_8' title='bbox 580 743 712 818; x_wconf 81' lang='lat' dir='ltr'><strong>prioris,</strong></span> <span class='ocrx_word' id='word_1_9' title='bbox 737 758 819 820; x_wconf 82' lang='lat' dir='ltr'><strong>qnos</strong></span> <span class='ocrx_word' id='word_1_10' title='bbox 843 740 964 800; x_wconf 77' lang='lat' dir='ltr'><strong>Etdieo</strong></span> <span class='ocrx_word' id='word_1_11' title='bbox 977 745 1125 833; x_wconf 67' lang='lat' dir='ltr'><strong>potatis.</strong></span> 
     </span>
     <span class='ocr_line' id='line_1_4' title="bbox 1014 856 1028 885; baseline 0 0"><span class='ocrx_word' id='word_1_12' title='bbox 1014 856 1028 885; x_wconf 62' lang='lat' dir='ltr'>k</span> 
     </span>
    </p>
   </div>
   <div class='ocr_carea' id='block_1_3' title="bbox 642 901 725 973">
    <p class='ocr_par' dir='ltr' id='par_1_3' title="bbox 642 901 725 973">
     <span class='ocr_line' id='line_1_5' title="bbox 642 901 725 973; baseline -0.036 -11"><span class='ocrx_word' id='word_1_13' title='bbox 642 901 725 973; x_wconf 59' lang='lat'><strong>53.</strong></span> 
     </span>
    </p>
   </div>
   <div class='ocr_carea' id='block_1_4' title="bbox 128 1013 1229 3269">
    <p class='ocr_par' dir='ltr' id='par_1_4' title="bbox 128 1013 1229 3269">
     <span class='ocr_line' id='line_1_6' title="bbox 219 1013 1228 1114; baseline 0.001 -21"><span class='ocrx_word' id='word_1_14' title='bbox 219 1031 306 1094; x_wconf 88' lang='lat' dir='ltr'><strong>Vere</strong></span> <span class='ocrx_word' id='word_1_15' title='bbox 327 1013 485 1114; x_wconf 82' lang='lat' dir='ltr'><strong>politieus,</strong></span> <span class='ocrx_word' id='word_1_16' title='bbox 509 1048 604 1112; x_wconf 90' lang='lat' dir='ltr'><strong>quem</strong></span> <span class='ocrx_word' id='word_1_17' title='bbox 627 1030 817 1092; x_wconf 82' lang='lat' dir='ltr'><strong>Aristoteles</strong></span> <span class='ocrx_word' id='word_1_18' title='bbox 838 1027 877 1092; x_wconf 83' lang='lat' dir='ltr'><strong>ed</strong></span> <span class='ocrx_word' id='word_1_19' title='bbox 898 1029 1064 1093; x_wconf 82' lang='lat' dir='ltr'><strong>seientiam</strong></span> <span class='ocrx_word' id='word_1_20' title='bbox 1088 1030 1228 1094; x_wconf 81' lang='lat' dir='ltr'><strong>taenlta-</strong></span> 
     </span>
     <span class='ocr_line' id='line_1_7' title="bbox 131 1134 1227 1225; baseline -0.003 -22"><span class='ocrx_word' id='word_1_21' title='bbox 131 1149 260 1225; x_wconf 79' lang='lat' dir='ltr'><strong>temque</strong></span> <span class='ocrx_word' id='word_1_22' title='bbox 282 1142 407 1204; x_wconf 88' lang='lat' dir='ltr'><strong>oivilem</strong></span> <span class='ocrx_word' id='word_1_23' title='bbox 430 1134 599 1203; x_wconf 77' lang='lat' dir='ltr'><strong>informare</strong></span> <span class='ocrx_word' id='word_1_24' title='bbox 619 1140 707 1217; x_wconf 87' lang='lat' dir='ltr'><strong>vult,</strong></span> <span class='ocrx_word' id='word_1_25' title='bbox 730 1145 816 1201; x_wconf 83' lang='lat' dir='ltr'><strong>uerte</strong></span> <span class='ocrx_word' id='word_1_26' title='bbox 838 1156 931 1200; x_wconf 90' lang='lat' dir='ltr'><strong>nemo</strong></span> <span class='ocrx_word' id='word_1_27' title='bbox 956 1145 1139 1218; x_wconf 82' lang='lat' dir='ltr'><strong>potestant</strong></span> <span class='ocrx_word' id='word_1_28' title='bbox 1160 1137 1227 1200; x_wconf 85' lang='lat' dir='ltr'><strong>lieri</strong></span> 
     </span>
     <span class='ocr_line' id='line_1_8' title="bbox 130 1243 1227 1330; baseline -0.004 -20"><span class='ocrx_word' id='word_1_29' title='bbox 130 1259 187 1310; x_wconf 90' lang='lat' dir='ltr'><strong>aut</strong></span> <span class='ocrx_word' id='word_1_30' title='bbox 208 1265 294 1326; x_wconf 86' lang='lat' dir='ltr'><strong>osse,</strong></span> <span class='ocrx_word' id='word_1_31' title='bbox 317 1247 390 1330; x_wconf 91' lang='lat' dir='ltr'><strong>quin</strong></span> <span class='ocrx_word' id='word_1_32' title='bbox 412 1257 562 1308; x_wconf 86' lang='lat' dir='ltr'><strong>aeeurate</strong></span> <span class='ocrx_word' id='word_1_33' title='bbox 572 1245 781 1328; x_wconf 86' lang='lat' dir='ltr'><strong>perspexerit,</strong></span> <span class='ocrx_word' id='word_1_34' title='bbox 804 1245 875 1327; x_wconf 93' lang='lat' dir='ltr'><strong>quis</strong></span> <span class='ocrx_word' id='word_1_35' title='bbox 896 1243 1034 1307; x_wconf 72' lang='lat' dir='ltr'><strong>sitense</strong></span> <span class='ocrx_word' id='word_1_36' title='bbox 1049 1248 1128 1307; x_wconf 87' lang='lat' dir='ltr'><strong>artls</strong></span> <span class='ocrx_word' id='word_1_37' title='bbox 1143 1243 1227 1327; x_wconf 87' lang='lat' dir='ltr'><strong>linis,</strong></span> 
     </span>
     <span class='ocr_line' id='line_1_9' title="bbox 133 1351 1228 1452; baseline -0.001 -36"><span class='ocrx_word' id='word_1_38' title='bbox 133 1356 151 1416; x_wconf 93' lang='lat' dir='ltr'><strong>i.</strong></span> <span class='ocrx_word' id='word_1_39' title='bbox 173 1375 202 1417; x_wconf 88' lang='lat' dir='ltr'><strong>e.</strong></span> <span class='ocrx_word' id='word_1_40' title='bbox 226 1354 300 1437; x_wconf 92' lang='lat' dir='ltr'><strong>quid</strong></span> <span class='ocrx_word' id='word_1_41' title='bbox 323 1356 366 1418; x_wconf 89' lang='lat' dir='ltr'><strong>sit</strong></span> <span class='ocrx_word' id='word_1_42' title='bbox 387 1352 462 1417; x_wconf 89' lang='lat' dir='ltr'><strong>illud</strong></span> <span class='ocrx_word' id='word_1_43' title='bbox 477 1372 635 1452; x_wconf 80' lang='lat' dir='ltr'><strong>summum</strong></span> <span class='ocrx_word' id='word_1_44' title='bbox 649 1352 701 1414; x_wconf 88' lang='lat' dir='ltr'><strong>vel</strong></span> <span class='ocrx_word' id='word_1_45' title='bbox 718 1361 894 1415; x_wconf 85' lang='lat' dir='ltr'><strong>extremum</strong></span> <span class='ocrx_word' id='word_1_46' title='bbox 910 1351 1063 1415; x_wconf 87' lang='lat' dir='ltr'><strong>bonorum</strong></span> <span class='ocrx_word' id='word_1_47' title='bbox 1079 1353 1228 1435; x_wconf 87' lang='lat' dir='ltr'><strong>omnium,</strong></span> 
     </span>
     <span class='ocr_line' id='line_1_10' title="bbox 133 1459 1227 1548; baseline -0.003 -22"><span class='ocrx_word' id='word_1_48' title='bbox 133 1464 217 1548; x_wconf 91' lang='lat' dir='ltr'><strong>quod</strong></span> <span class='ocrx_word' id='word_1_49' title='bbox 244 1464 306 1526; x_wconf 85' lang='lat' dir='ltr'><strong>sibi</strong></span> <span class='ocrx_word' id='word_1_50' title='bbox 332 1465 453 1544; x_wconf 92' lang='lat' dir='ltr'><strong>totique</strong></span> <span class='ocrx_word' id='word_1_51' title='bbox 479 1461 673 1544; x_wconf 77' lang='lat' dir='ltr'><strong>reipublicae</strong></span> <span class='ocrx_word' id='word_1_52' title='bbox 701 1463 870 1542; x_wconf 84' lang='lat' dir='ltr'><strong>anquirere</strong></span> <span class='ocrx_word' id='word_1_53' title='bbox 900 1459 1006 1524; x_wconf 87' lang='lat' dir='ltr'><strong>debet.</strong></span> <span class='ocrx_word' id='word_1_54' title='bbox 1057 1460 1227 1540; x_wconf 80' lang='lat' dir='ltr'><strong>Quomodo</strong></span> 
     </span>
     <span class='ocr_line' id='line_1_11' title="bbox 132 1567 1227 1653; baseline -0.001 -21"><span class='ocrx_word' id='word_1_55' title='bbox 132 1573 214 1633; x_wconf 82' lang='lat' dir='ltr'><strong>enim</strong></span> <span class='ocrx_word' id='word_1_56' title='bbox 238 1590 321 1653; x_wconf 86' lang='lat' dir='ltr'><strong>qnae</strong></span> <span class='ocrx_word' id='word_1_57' title='bbox 342 1573 483 1652; x_wconf 79' lang='lat' dir='ltr'><strong>eogitet,</strong></span> <span class='ocrx_word' id='word_1_58' title='bbox 511 1588 595 1652; x_wconf 88' lang='lat' dir='ltr'><strong>qnae</strong></span> <span class='ocrx_word' id='word_1_59' title='bbox 619 1570 715 1639; x_wconf 86' lang='lat' dir='ltr'><strong>velit,</strong></span> <span class='ocrx_word' id='word_1_60' title='bbox 746 1586 828 1649; x_wconf 84' lang='lat' dir='ltr'><strong>quae</strong></span> <span class='ocrx_word' id='word_1_61' title='bbox 849 1567 966 1650; x_wconf 83' lang='lat' dir='ltr'><strong>laetat,</strong></span> <span class='ocrx_word' id='word_1_62' title='bbox 988 1567 1030 1630; x_wconf 90' lang='lat' dir='ltr'><strong>ad</strong></span> <span class='ocrx_word' id='word_1_63' title='bbox 1050 1568 1126 1631; x_wconf 89' lang='lat' dir='ltr'><strong>illud</strong></span> <span class='ocrx_word' id='word_1_64' title='bbox 1148 1570 1227 1631; x_wconf 89' lang='lat' dir='ltr'><strong>ulti-</strong></span> 
     </span>
     <span class='ocr_line' id='line_1_12' title="bbox 131 1674 1225 1761; baseline 0.002 -20"><span class='ocrx_word' id='word_1_65' title='bbox 131 1698 213 1741; x_wconf 91' lang='lat' dir='ltr'><strong>mum</strong></span> <span class='ocrx_word' id='word_1_66' title='bbox 237 1680 387 1742; x_wconf 84' lang='lat' dir='ltr'><strong>bonorum</strong></span> <span class='ocrx_word' id='word_1_67' title='bbox 411 1679 515 1761; x_wconf 88' lang='lat' dir='ltr'><strong>(quod</strong></span> <span class='ocrx_word' id='word_1_68' title='bbox 537 1678 657 1745; x_wconf 85' lang='lat' dir='ltr'><strong>Graeei</strong></span> <span class='ocrx_word' id='word_1_69' title='bbox 678 1674 773 1753; x_wconf 79' lang='grc' dir='ltr'><strong><em>τέλος</em></strong></span> <span class='ocrx_word' id='word_1_70' title='bbox 793 1680 955 1742; x_wconf 89' lang='lat' dir='ltr'><strong>nominant</strong></span> <span class='ocrx_word' id='word_1_71' title='bbox 966 1679 1009 1759; x_wconf 84' lang='grc' dir='ltr'><strong>Ι))</strong></span> <span class='ocrx_word' id='word_1_72' title='bbox 1032 1680 1170 1756; x_wconf 74' lang='lat' dir='ltr'><strong>referat,</strong></span> <span class='ocrx_word' id='word_1_73' title='bbox 1194 1680 1225 1744; x_wconf 91' lang='lat' dir='ltr'><strong>id</strong></span> 
     </span>
     <span class='ocr_line' id='line_1_13' title="bbox 130 1786 1223 1871; baseline 0.001 -23"><span class='ocrx_word' id='word_1_74' title='bbox 130 1787 158 1848; x_wconf 90' lang='lat' dir='ltr'><strong>si</strong></span> <span class='ocrx_word' id='word_1_75' title='bbox 185 1786 258 1869; x_wconf 90' lang='lat' dir='ltr'><strong>qnid</strong></span> <span class='ocrx_word' id='word_1_76' title='bbox 285 1797 318 1850; x_wconf 89' lang='lat' dir='ltr'><strong>et</strong></span> <span class='ocrx_word' id='word_1_77' title='bbox 345 1788 439 1869; x_wconf 90' lang='lat' dir='ltr'><strong>quale</strong></span> <span class='ocrx_word' id='word_1_78' title='bbox 465 1788 509 1850; x_wconf 91' lang='lat' dir='ltr'><strong>sit</strong></span> <span class='ocrx_word' id='word_1_79' title='bbox 536 1786 686 1854; x_wconf 75' lang='lat' dir='ltr'><strong>neseiat?</strong></span> <span class='ocrx_word' id='word_1_80' title='bbox 736 1786 1012 1867; x_wconf 79' lang='lat' dir='ltr'><strong>Quemadmodum</strong></span> <span class='ocrx_word' id='word_1_81' title='bbox 1042 1796 1151 1852; x_wconf 87' lang='lat' dir='ltr'><strong>antem</strong></span> <span class='ocrx_word' id='word_1_82' title='bbox 1181 1791 1223 1871; x_wconf 82' lang='lat' dir='ltr'><strong>ei,</strong></span> 
     </span>
     <span class='ocr_line' id='line_1_14' title="bbox 130 1894 1224 1979; baseline 0.004 -25"><span class='ocrx_word' id='word_1_83' title='bbox 130 1897 186 1975; x_wconf 94' lang='lat' dir='ltr'><strong>qul</strong></span> <span class='ocrx_word' id='word_1_84' title='bbox 208 1913 287 1955; x_wconf 91' lang='lat' dir='ltr'><strong>vere</strong></span> <span class='ocrx_word' id='word_1_85' title='bbox 304 1895 451 1975; x_wconf 79' lang='lat' dir='ltr'><strong>politicen</strong></span> <span class='ocrx_word' id='word_1_86' title='bbox 469 1897 535 1958; x_wconf 89' lang='lat' dir='ltr'><strong>vult</strong></span> <span class='ocrx_word' id='word_1_87' title='bbox 550 1894 706 1977; x_wconf 73' lang='lat' dir='ltr'><strong>iactitare,</strong></span> <span class='ocrx_word' id='word_1_88' title='bbox 730 1896 868 1976; x_wconf 82' lang='lat' dir='ltr'><strong>inprimis</strong></span> <span class='ocrx_word' id='word_1_89' title='bbox 884 1894 1048 1958; x_wconf 84' lang='lat' dir='ltr'><strong>sciendum</strong></span> <span class='ocrx_word' id='word_1_90' title='bbox 1064 1902 1127 1979; x_wconf 84' lang='lat' dir='ltr'><strong>ost,</strong></span> <span class='ocrx_word' id='word_1_91' title='bbox 1150 1896 1224 1979; x_wconf 92' lang='lat' dir='ltr'><strong>qnid</strong></span> 
     </span>
     <span class='ocr_line' id='line_1_15' title="bbox 130 1995 1223 2088; baseline 0.005 -26"><span class='ocrx_word' id='word_1_92' title='bbox 130 2005 172 2062; x_wconf 86' lang='lat' dir='ltr'><strong>sit</strong></span> <span class='ocrx_word' id='word_1_93' title='bbox 195 2001 271 2063; x_wconf 87' lang='lat' dir='ltr'><strong>illud</strong></span> <span class='ocrx_word' id='word_1_94' title='bbox 286 2003 370 2084; x_wconf 91' lang='lat' dir='ltr'><strong>qnod</strong></span> <span class='ocrx_word' id='word_1_95' title='bbox 384 2007 603 2087; x_wconf 79' lang='lat' dir='ltr'><strong>persequitur:</strong></span> <span class='ocrx_word' id='word_1_96' title='bbox 626 2006 668 2068; x_wconf 85' lang='lat' dir='ltr'><strong>ita</strong></span> <span class='ocrx_word' id='word_1_97' title='bbox 684 2014 717 2068; x_wconf 90' lang='lat' dir='ltr'><strong>et</strong></span> <span class='ocrx_word' id='word_1_98' title='bbox 733 2007 787 2087; x_wconf 91' lang='lat' dir='ltr'><strong>qni</strong></span> <span class='ocrx_word' id='word_1_99' title='bbox 805 2005 951 2069; x_wconf 87' lang='lat' dir='ltr'><strong>seribere</strong></span> <span class='ocrx_word' id='word_1_100' title='bbox 967 2007 1038 2069; x_wconf 89' lang='lat' dir='ltr'><strong>vult</strong></span> <span class='ocrx_word' id='word_1_101' title='bbox 1052 1995 1223 2088; x_wconf 65' lang='grc' dir='ltr'><strong><em>πολιτικήν</em></strong></span> 
     </span>
     <span class='ocr_line' id='line_1_16' title="bbox 130 2105 1226 2196; baseline 0.005 -27"><span class='ocrx_word' id='word_1_102' title='bbox 130 2105 356 2193; x_wconf 74' lang='grc' dir='ltr'><strong>πραγματείαν</strong></span> <span class='ocrx_word' id='word_1_103' title='bbox 376 2110 417 2174; x_wconf 84' lang='lat' dir='ltr'><strong>ad</strong></span> <span class='ocrx_word' id='word_1_104' title='bbox 439 2111 631 2175; x_wconf 85' lang='lat' dir='ltr'><strong>erudiendos</strong></span> <span class='ocrx_word' id='word_1_105' title='bbox 651 2112 887 2193; x_wconf 79' lang='lat' dir='ltr'><strong>adnleseentes‚</strong></span> <span class='ocrx_word' id='word_1_106' title='bbox 911 2113 940 2175; x_wconf 90' lang='lat' dir='ltr'><strong>ei</strong></span> <span class='ocrx_word' id='word_1_107' title='bbox 963 2116 1097 2196; x_wconf 89' lang='lat' dir='ltr'><strong>primum</strong></span> <span class='ocrx_word' id='word_1_108' title='bbox 1119 2132 1226 2196; x_wconf 88' lang='lat' dir='ltr'><strong>quae-</strong></span> 
     </span>
     <span class='ocr_line' id='line_1_17' title="bbox 129 2216 1225 2306; baseline 0.006 -28"><span class='ocrx_word' id='word_1_109' title='bbox 129 2216 259 2278; x_wconf 83' lang='lat' dir='ltr'><strong>rendum</strong></span> <span class='ocrx_word' id='word_1_110' title='bbox 280 2236 320 2279; x_wconf 87' lang='lat' dir='ltr'><strong>ae</strong></span> <span class='ocrx_word' id='word_1_111' title='bbox 340 2217 517 2280; x_wconf 89' lang='lat' dir='ltr'><strong>doeendum</strong></span> <span class='ocrx_word' id='word_1_112' title='bbox 540 2227 609 2293; x_wconf 88' lang='lat' dir='ltr'><strong>est,</strong></span> <span class='ocrx_word' id='word_1_113' title='bbox 639 2220 712 2302; x_wconf 91' lang='lat' dir='ltr'><strong>quid</strong></span> <span class='ocrx_word' id='word_1_114' title='bbox 733 2223 776 2282; x_wconf 91' lang='lat' dir='ltr'><strong>sit</strong></span> <span class='ocrx_word' id='word_1_115' title='bbox 797 2238 952 2285; x_wconf 90' lang='lat' dir='ltr'><strong>summum</strong></span> <span class='ocrx_word' id='word_1_116' title='bbox 976 2223 1110 2303; x_wconf 85' lang='lat' dir='ltr'><strong>bonum,</strong></span> <span class='ocrx_word' id='word_1_117' title='bbox 1142 2221 1225 2306; x_wconf 92' lang='lat' dir='ltr'><strong>quod</strong></span> 
     </span>
     <span class='ocr_line' id='line_1_18' title="bbox 129 2313 1228 2412; baseline 0.011 -28"><span class='ocrx_word' id='word_1_118' title='bbox 129 2329 165 2386; x_wconf 84' lang='lat' dir='ltr'><strong>&#39;ut</strong></span> <span class='ocrx_word' id='word_1_119' title='bbox 186 2325 280 2387; x_wconf 87' lang='lat' dir='ltr'><strong>linem</strong></span> <span class='ocrx_word' id='word_1_120' title='bbox 302 2313 322 2408; x_wconf 81' lang='grc' dir='ltr'><em>ἡ</em></span> <span class='ocrx_word' id='word_1_121' title='bbox 343 2314 495 2410; x_wconf 69' lang='grc' dir='ltr'><strong><em>πολιτική</em></strong></span> <span class='ocrx_word' id='word_1_122' title='bbox 515 2313 651 2405; x_wconf 75' lang='grc' dir='ltr'><strong><em>δύναμις</em></strong></span> <span class='ocrx_word' id='word_1_123' title='bbox 672 2336 812 2409; x_wconf 78' lang='lat' dir='ltr'><strong>expetat</strong></span> <span class='ocrx_word' id='word_1_124' title='bbox 862 2329 911 2391; x_wconf 82' lang='lat' dir='ltr'><strong>lla</strong></span> <span class='ocrx_word' id='word_1_125' title='bbox 934 2330 1015 2392; x_wconf 89' lang='lat' dir='ltr'><strong>enim</strong></span> <span class='ocrx_word' id='word_1_126' title='bbox 1039 2336 1228 2412; x_wconf 80' lang='lat' dir='ltr'><strong>quaestione</strong></span> 
     </span>
     <span class='ocr_line' id='line_1_19' title="bbox 133 2432 1226 2523; baseline 0.011 -32"><span class='ocrx_word' id='word_1_127' title='bbox 133 2432 274 2514; x_wconf 85' lang='lat' dir='ltr'><strong>omissa,</strong></span> <span class='ocrx_word' id='word_1_128' title='bbox 301 2433 353 2516; x_wconf 91' lang='lat' dir='ltr'><strong>qui</strong></span> <span class='ocrx_word' id='word_1_129' title='bbox 379 2432 419 2493; x_wconf 89' lang='lat' dir='ltr'><strong>de</strong></span> <span class='ocrx_word' id='word_1_130' title='bbox 440 2433 575 2514; x_wconf 86' lang='lat' dir='ltr'><strong>politiois</strong></span> <span class='ocrx_word' id='word_1_131' title='bbox 596 2434 738 2497; x_wconf 83' lang='lat' dir='ltr'><strong>seribere</strong></span> <span class='ocrx_word' id='word_1_132' title='bbox 759 2435 955 2518; x_wconf 86' lang='lat' dir='ltr'><strong>institueret,</strong></span> <span class='ocrx_word' id='word_1_133' title='bbox 985 2437 1069 2501; x_wconf 90' lang='lat' dir='ltr'><strong>idem</strong></span> <span class='ocrx_word' id='word_1_134' title='bbox 1092 2437 1226 2523; x_wconf 80' lang='lat' dir='ltr'><strong>laceret,</strong></span> 
     </span>
     <span class='ocr_line' id='line_1_20' title="bbox 130 2544 1229 2632; baseline 0.004 -25"><span class='ocrx_word' id='word_1_135' title='bbox 130 2561 171 2607; x_wconf 82' lang='lat' dir='ltr'><strong>ae</strong></span> <span class='ocrx_word' id='word_1_136' title='bbox 191 2544 220 2606; x_wconf 88' lang='lat' dir='ltr'><strong>si</strong></span> <span class='ocrx_word' id='word_1_137' title='bbox 241 2544 315 2628; x_wconf 91' lang='lat' dir='ltr'><strong>quis</strong></span> <span class='ocrx_word' id='word_1_138' title='bbox 336 2544 377 2606; x_wconf 89' lang='lat' dir='ltr'><strong>de</strong></span> <span class='ocrx_word' id='word_1_139' title='bbox 399 2544 593 2607; x_wconf 83' lang='lat' dir='ltr'><strong>medicorum</strong></span> <span class='ocrx_word' id='word_1_140' title='bbox 615 2555 685 2608; x_wconf 85' lang='lat' dir='ltr'><strong>arte</strong></span> <span class='ocrx_word' id='word_1_141' title='bbox 705 2555 858 2632; x_wconf 71' lang='lat' dir='ltr'><strong>aeeurate</strong></span> <span class='ocrx_word' id='word_1_142' title='bbox 888 2565 1049 2629; x_wconf 82' lang='lat' dir='ltr'><strong>exponere</strong></span> <span class='ocrx_word' id='word_1_143' title='bbox 1077 2547 1175 2610; x_wconf 87' lang='lat' dir='ltr'><strong>vellet</strong></span> <span class='ocrx_word' id='word_1_144' title='bbox 1197 2558 1229 2611; x_wconf 89' lang='lat' dir='ltr'><strong>et</strong></span> 
     </span>
     <span class='ocr_line' id='line_1_21' title="bbox 128 2650 1228 2738; baseline 0.005 -24"><span class='ocrx_word' id='word_1_145' title='bbox 128 2654 226 2715; x_wconf 85' lang='lat' dir='ltr'><strong>totius</strong></span> <span class='ocrx_word' id='word_1_146' title='bbox 254 2655 346 2735; x_wconf 78' lang='lat' dir='ltr'><strong>qusai</strong></span> <span class='ocrx_word' id='word_1_147' title='bbox 373 2650 613 2717; x_wconf 77' lang='lat' dir='ltr'><strong>fundamentum</strong></span> <span class='ocrx_word' id='word_1_148' title='bbox 643 2651 865 2735; x_wconf 66' lang='lat' dir='ltr'><strong>disputationis</strong></span> <span class='ocrx_word' id='word_1_149' title='bbox 884 2653 1164 2738; x_wconf 74' lang='lat' dir='ltr'><strong>investigationem</strong></span> <span class='ocrx_word' id='word_1_150' title='bbox 1187 2654 1228 2719; x_wconf 78' lang='lat' dir='ltr'><strong>tle</strong></span> 
     </span>
     <span class='ocr_line' id='line_1_22' title="bbox 129 2757 1225 2843; baseline 0.004 -23"><span class='ocrx_word' id='word_1_151' title='bbox 129 2757 214 2820; x_wconf 78' lang='lat' dir='ltr'><strong>borna</strong></span> <span class='ocrx_word' id='word_1_152' title='bbox 234 2757 418 2820; x_wconf 84' lang='lat' dir='ltr'><strong>valetudine</strong></span> <span class='ocrx_word' id='word_1_153' title='bbox 438 2759 641 2842; x_wconf 88' lang='lat' dir='ltr'><strong>relinqueret.</strong></span> <span class='ocrx_word' id='word_1_154' title='bbox 664 2758 757 2838; x_wconf 81' lang='lat' dir='ltr'><strong>Quod</strong></span> <span class='ocrx_word' id='word_1_155' title='bbox 775 2777 872 2841; x_wconf 90' lang='lat' dir='ltr'><strong>quum</strong></span> <span class='ocrx_word' id='word_1_156' title='bbox 887 2761 1006 2842; x_wconf 89' lang='lat' dir='ltr'><strong>optime</strong></span> <span class='ocrx_word' id='word_1_157' title='bbox 1021 2767 1225 2843; x_wconf 73' lang='lat' dir='ltr'><strong>perspectum</strong></span> 
     </span>
     <span class='ocr_line' id='line_1_23' title="bbox 131 2862 1223 2951; baseline 0.009 -29"><span class='ocrx_word' id='word_1_158' title='bbox 131 2862 265 2925; x_wconf 86' lang='lat' dir='ltr'><strong>haberet</strong></span> <span class='ocrx_word' id='word_1_159' title='bbox 285 2865 487 2945; x_wconf 86' lang='lat' dir='ltr'><strong>Aristoteles,</strong></span> <span class='ocrx_word' id='word_1_160' title='bbox 510 2874 584 2927; x_wconf 82' lang='lat' dir='ltr'><strong>ante</strong></span> <span class='ocrx_word' id='word_1_161' title='bbox 606 2884 699 2948; x_wconf 84' lang='lat' dir='ltr'><strong>quam</strong></span> <span class='ocrx_word' id='word_1_162' title='bbox 723 2865 764 2928; x_wconf 86' lang='lat' dir='ltr'><strong>de</strong></span> <span class='ocrx_word' id='word_1_163' title='bbox 784 2867 863 2948; x_wconf 85' lang='lat' dir='ltr'><strong>ipsis</strong></span> <span class='ocrx_word' id='word_1_164' title='bbox 883 2868 1021 2948; x_wconf 80' lang='lat' dir='ltr'><strong>politicis</strong></span> <span class='ocrx_word' id='word_1_165' title='bbox 1039 2868 1223 2951; x_wconf 82' lang='lat' dir='ltr'><strong>inquireret,</strong></span> 
     </span>
     <span class='ocr_line' id='line_1_24' title="bbox 132 2967 1224 3056; baseline 0.008 -25"><span class='ocrx_word' id='word_1_166' title='bbox 132 2988 194 3031; x_wconf 90' lang='lat' dir='ltr'><strong>non</strong></span> <span class='ocrx_word' id='word_1_167' title='bbox 218 2967 344 3050; x_wconf 91' lang='lat' dir='ltr'><strong>quidem</strong></span> <span class='ocrx_word' id='word_1_168' title='bbox 367 2978 402 3031; x_wconf 92' lang='lat' dir='ltr'><strong>ut</strong></span> <span class='ocrx_word' id='word_1_169' title='bbox 431 2975 484 3053; x_wconf 91' lang='lat' dir='ltr'><strong>qui</strong></span> <span class='ocrx_word' id='word_1_170' title='bbox 514 2972 661 3055; x_wconf 81' lang='lat' dir='ltr'><strong>legerent</strong></span> <span class='ocrx_word' id='word_1_171' title='bbox 683 2971 828 3054; x_wconf 83' lang='lat' dir='ltr'><strong>politicen</strong></span> <span class='ocrx_word' id='word_1_172' title='bbox 852 2972 1075 3056; x_wconf 79' lang='lat' dir='ltr'><strong>seirent,..sed</strong></span> <span class='ocrx_word' id='word_1_173' title='bbox 1098 2984 1132 3039; x_wconf 92' lang='lat' dir='ltr'><strong>nt</strong></span> <span class='ocrx_word' id='word_1_174' title='bbox 1153 2996 1224 3040; x_wconf 90' lang='lat' dir='ltr'><strong>eam</strong></span> 
     </span>
     <span class='ocr_line' id='line_1_25' title="bbox 131 3076 1229 3165; baseline 0.003 -24"><span class='ocrx_word' id='word_1_175' title='bbox 131 3076 218 3142; x_wconf 83' lang='lat' dir='ltr'><strong>docti</strong></span> <span class='ocrx_word' id='word_1_176' title='bbox 244 3079 425 3144; x_wconf 77' lang='lat' dir='ltr'><strong>factitarent</strong></span> <span class='ocrx_word' id='word_1_177' title='bbox 434 3084 480 3162; x_wconf 74' lang='lat'><strong>¹),</strong></span> <span class='ocrx_word' id='word_1_178' title='bbox 505 3087 601 3162; x_wconf 70' lang='lat' dir='ltr'><strong>(imm</strong></span> <span class='ocrx_word' id='word_1_179' title='bbox 627 3077 687 3165; x_wconf 82' lang='grc' dir='ltr'><strong>τῆς</strong></span> <span class='ocrx_word' id='word_1_180' title='bbox 707 3076 876 3165; x_wconf 77' lang='grc' dir='ltr'><strong><em>πολιτικῆς</em></strong></span> <span class='ocrx_word' id='word_1_181' title='bbox 898 3087 919 3144; x_wconf 83' lang='lat' dir='ltr'><strong>i.</strong></span> <span class='ocrx_word' id='word_1_182' title='bbox 942 3104 969 3144; x_wconf 86' lang='lat' dir='ltr'><strong>e.</strong></span> <span class='ocrx_word' id='word_1_183' title='bbox 992 3103 1150 3145; x_wconf 80' lang='lat' dir='ltr'><strong>summum</strong></span> <span class='ocrx_word' id='word_1_184' title='bbox 1171 3086 1229 3145; x_wconf 81' lang='lat' dir='ltr'><strong>do·</strong></span> 
     </span>
     <span class='ocr_line' id='line_1_26' title="bbox 128 3191 1226 3269; baseline -0.002 -13"><span class='ocrx_word' id='word_1_185' title='bbox 128 3213 242 3257; x_wconf 82' lang='lat' dir='ltr'><strong>norum</strong></span> <span class='ocrx_word' id='word_1_186' title='bbox 263 3198 401 3255; x_wconf 78' lang='lat' dir='ltr'><strong>omnium</strong></span> <span class='ocrx_word' id='word_1_187' title='bbox 422 3213 503 3256; x_wconf 83' lang='lat' dir='ltr'><strong>sone</strong></span> <span class='ocrx_word' id='word_1_188' title='bbox 522 3196 691 3256; x_wconf 76' lang='lat' dir='ltr'><strong>obscurum</strong></span> <span class='ocrx_word' id='word_1_189' title='bbox 712 3199 746 3255; x_wconf 82' lang='lat' dir='ltr'><strong>et</strong></span> <span class='ocrx_word' id='word_1_190' title='bbox 763 3212 784 3253; x_wconf 86' lang='lat' dir='ltr'><strong>a</strong></span> <span class='ocrx_word' id='word_1_191' title='bbox 804 3193 914 3255; x_wconf 78' lang='lat' dir='ltr'><strong>multt&#39;s</strong></span> <span class='ocrx_word' id='word_1_192' title='bbox 940 3195 1120 3269; x_wconf 76' lang='lat' dir='ltr'><strong>ipoorotnm</strong></span> <span class='ocrx_word' id='word_1_193' title='bbox 1145 3191 1226 3254; x_wconf 72' lang='lat' dir='ltr'><strong>auo·</strong></span> 
     </span>
    </p>
   </div>
   <div class='ocr_carea' id='block_1_5' title="bbox 128 3304 590 3365">
    <p class='ocr_par' dir='ltr' id='par_1_5' title="bbox 128 3304 590 3365">
     <span class='ocr_line' id='line_1_27' title="bbox 128 3304 590 3365; baseline -0.004 -1"><span class='ocrx_word' id='word_1_194' title='bbox 128 3309 235 3364; x_wconf 84' lang='lat' dir='ltr'><strong>strare</strong></span> <span class='ocrx_word' id='word_1_195' title='bbox 254 3304 378 3364; x_wconf 75' lang='lat' dir='ltr'><strong>studuit</strong></span> <span class='ocrx_word' id='word_1_196' title='bbox 394 3305 429 3363; x_wconf 82' lang='lat' dir='ltr'><strong>in</strong></span> <span class='ocrx_word' id='word_1_197' title='bbox 449 3304 590 3365; x_wconf 76' lang='lat' dir='ltr'><strong>[didicis.</strong></span> 
     </span>
    </p>
   </div>
   <div class='ocr_carea' id='block_1_6' title="bbox 195 3407 1226 4023">
    <p class='ocr_par' dir='ltr' id='par_1_6' title="bbox 195 3407 1226 4023">
     <span class='ocr_line' id='line_1_28' title="bbox 196 3407 1225 3475; baseline 0.001 -16"><span class='ocrx_word' id='word_1_198' title='bbox 196 3407 363 3463; x_wconf 70' lang='lat' dir='ltr'><strong>denotatio.</strong></span> <span class='ocrx_word' id='word_1_199' title='bbox 396 3411 426 3461; x_wconf 89' lang='lat' dir='ltr'><strong>lu</strong></span> <span class='ocrx_word' id='word_1_200' title='bbox 444 3411 545 3461; x_wconf 80' lang='lat' dir='ltr'><strong>lithleis</strong></span> <span class='ocrx_word' id='word_1_201' title='bbox 562 3410 588 3461; x_wconf 83' lang='lat' dir='ltr'><strong>ld</strong></span> <span class='ocrx_word' id='word_1_202' title='bbox 607 3409 692 3461; x_wconf 83' lang='lat' dir='ltr'><strong>luisse</strong></span> <span class='ocrx_word' id='word_1_203' title='bbox 708 3410 850 3461; x_wconf 79' lang='lat' dir='ltr'><strong>Aristoteli</strong></span> <span class='ocrx_word' id='word_1_204' title='bbox 873 3411 1057 3475; x_wconf 82' lang='lat' dir='ltr'><strong>propositum,</strong></span> <span class='ocrx_word' id='word_1_205' title='bbox 1084 3414 1113 3461; x_wconf 84' lang='lat' dir='ltr'><strong>ut</strong></span> <span class='ocrx_word' id='word_1_206' title='bbox 1135 3410 1225 3472; x_wconf 82' lang='lat' dir='ltr'><strong>expll-</strong></span> 
     </span>
     <span class='ocr_line' id='line_1_29' title="bbox 195 3501 1226 3566; baseline 0.001 -16"><span class='ocrx_word' id='word_1_207' title='bbox 195 3505 271 3550; x_wconf 72' lang='lat' dir='ltr'><strong>esret</strong></span> <span class='ocrx_word' id='word_1_208' title='bbox 287 3502 328 3563; x_wconf 78' lang='grc' dir='ltr'><strong>τῆς</strong></span> <span class='ocrx_word' id='word_1_209' title='bbox 343 3502 466 3566; x_wconf 74' lang='grc' dir='ltr'><strong><em>πολιτικῆς</em></strong></span> <span class='ocrx_word' id='word_1_210' title='bbox 482 3502 562 3553; x_wconf 71' lang='lat' dir='ltr'><strong>daem</strong></span> <span class='ocrx_word' id='word_1_211' title='bbox 581 3501 598 3552; x_wconf 90' lang='lat' dir='ltr'><strong>i.</strong></span> <span class='ocrx_word' id='word_1_212' title='bbox 616 3517 639 3554; x_wconf 89' lang='lat' dir='ltr'><strong>e.</strong></span> <span class='ocrx_word' id='word_1_213' title='bbox 655 3515 787 3552; x_wconf 84' lang='lat' dir='ltr'><strong>summum</strong></span> <span class='ocrx_word' id='word_1_214' title='bbox 805 3502 936 3552; x_wconf 81' lang='lat' dir='ltr'><strong>tonorum</strong></span> <span class='ocrx_word' id='word_1_215' title='bbox 954 3502 1151 3565; x_wconf 81' lang='lat' dir='ltr'><strong>humanorum,</strong></span> <span class='ocrx_word' id='word_1_216' title='bbox 1176 3503 1226 3552; x_wconf 88' lang='lat' dir='ltr'><strong>de·</strong></span> 
     </span>
     <span class='ocr_line' id='line_1_30' title="bbox 195 3591 1225 3658; baseline 0.001 -17"><span class='ocrx_word' id='word_1_217' title='bbox 195 3596 330 3641; x_wconf 85' lang='lat' dir='ltr'><strong>monstrat</strong></span> <span class='ocrx_word' id='word_1_218' title='bbox 348 3591 500 3647; x_wconf 79' lang='lat' dir='ltr'><strong>littteernm</strong></span> <span class='ocrx_word' id='word_1_219' title='bbox 520 3594 703 3658; x_wconf 85' lang='lat' dir='ltr'><strong>prooemium,</strong></span> <span class='ocrx_word' id='word_1_220' title='bbox 721 3593 743 3644; x_wconf 90' lang='lat'><strong>1.</strong></span> <span class='ocrx_word' id='word_1_221' title='bbox 761 3594 916 3644; x_wconf 79' lang='lat' dir='ltr'><strong>lithleorum</strong></span> <span class='ocrx_word' id='word_1_222' title='bbox 936 3594 998 3645; x_wconf 83' lang='lat' dir='ltr'><strong>libri</strong></span> <span class='ocrx_word' id='word_1_223' title='bbox 1017 3599 1074 3646; x_wconf 83' lang='lat' dir='ltr'><strong>tota</strong></span> <span class='ocrx_word' id='word_1_224' title='bbox 1094 3593 1225 3657; x_wconf 84' lang='lat' dir='ltr'><strong>quaestio,</strong></span> 
     </span>
     <span class='ocr_line' id='line_1_31' title="bbox 195 3681 1225 3750; baseline -0.004 -13"><span class='ocrx_word' id='word_1_225' title='bbox 195 3682 224 3733; x_wconf 81' lang='lat' dir='ltr'><strong>ln</strong></span> <span class='ocrx_word' id='word_1_226' title='bbox 240 3682 353 3746; x_wconf 69' lang='lat' dir='ltr'><strong>reliquis</strong></span> <span class='ocrx_word' id='word_1_227' title='bbox 371 3681 447 3733; x_wconf 68' lang='lat' dir='ltr'><strong>libris</strong></span> <span class='ocrx_word' id='word_1_228' title='bbox 464 3684 615 3746; x_wconf 73' lang='lat' dir='ltr'><strong>disputandi</strong></span> <span class='ocrx_word' id='word_1_229' title='bbox 632 3686 721 3750; x_wconf 84' lang='lat' dir='ltr'><strong>ratio,</strong></span> <span class='ocrx_word' id='word_1_230' title='bbox 739 3690 906 3738; x_wconf 79' lang='lat' dir='ltr'><strong>demonstrat</strong></span> <span class='ocrx_word' id='word_1_231' title='bbox 924 3687 1080 3737; x_wconf 78' lang='lat' dir='ltr'><strong>Ethieorum</strong></span> <span class='ocrx_word' id='word_1_232' title='bbox 1098 3682 1225 3747; x_wconf 76' lang='lat' dir='ltr'><strong>epilogus</strong></span> 
     </span>
     <span class='ocr_line' id='line_1_32' title="bbox 195 3774 1222 3843; baseline 0.001 -19"><span class='ocrx_word' id='word_1_233' title='bbox 195 3786 229 3825; x_wconf 85' lang='lat' dir='ltr'><strong>ae</strong></span> <span class='ocrx_word' id='word_1_234' title='bbox 246 3774 422 3825; x_wconf 80' lang='lat' dir='ltr'><strong>Politlcorum</strong></span> <span class='ocrx_word' id='word_1_235' title='bbox 440 3774 505 3826; x_wconf 78' lang='lat' dir='ltr'><strong>libri</strong></span> <span class='ocrx_word' id='word_1_236' title='bbox 522 3778 580 3830; x_wconf 87' lang='lat' dir='ltr'><strong>Vll.</strong></span> <span class='ocrx_word' id='word_1_237' title='bbox 598 3777 701 3828; x_wconf 83' lang='lat' dir='ltr'><strong>initium</strong></span> <span class='ocrx_word' id='word_1_238' title='bbox 719 3779 831 3843; x_wconf 85' lang='lat' dir='ltr'><strong>eiusque</strong></span> <span class='ocrx_word' id='word_1_239' title='bbox 848 3791 907 3840; x_wconf 75' lang='lat' dir='ltr'><strong>esp.</strong></span> <span class='ocrx_word' id='word_1_240' title='bbox 925 3779 997 3827; x_wconf 79' lang='lat' dir='ltr'><strong>xlll.</strong></span> <span class='ocrx_word' id='word_1_241' title='bbox 1036 3777 1130 3836; x_wconf 81' lang='lat' dir='ltr'><strong>Neque</strong></span> <span class='ocrx_word' id='word_1_242' title='bbox 1156 3786 1222 3825; x_wconf 83' lang='lat' dir='ltr'><strong>vern</strong></span> 
     </span>
     <span class='ocr_line' id='line_1_33' title="bbox 195 3865 1222 3930; baseline 0.002 -14"><span class='ocrx_word' id='word_1_243' title='bbox 195 3865 294 3930; x_wconf 74' lang='lat' dir='ltr'><strong>lgnorn</strong></span> <span class='ocrx_word' id='word_1_244' title='bbox 317 3867 399 3917; x_wconf 78' lang='lat' dir='ltr'><strong>allam</strong></span> <span class='ocrx_word' id='word_1_245' title='bbox 424 3867 457 3916; x_wconf 85' lang='lat' dir='ltr'><strong>de</strong></span> <span class='ocrx_word' id='word_1_246' title='bbox 481 3867 637 3920; x_wconf 79' lang='lat' dir='ltr'><strong>litlieorum</strong></span> <span class='ocrx_word' id='word_1_247' title='bbox 662 3870 779 3920; x_wconf 85' lang='lat' dir='ltr'><strong>oonsilio</strong></span> <span class='ocrx_word' id='word_1_248' title='bbox 801 3868 960 3919; x_wconf 79' lang='lat' dir='ltr'><strong>seutentiam</strong></span> <span class='ocrx_word' id='word_1_249' title='bbox 985 3878 1094 3928; x_wconf 85' lang='lat' dir='ltr'><strong>eamque</strong></span> <span class='ocrx_word' id='word_1_250' title='bbox 1115 3866 1149 3916; x_wconf 81' lang='lat' dir='ltr'><strong>ab</strong></span> <span class='ocrx_word' id='word_1_251' title='bbox 1171 3866 1222 3918; x_wconf 84' lang='lat' dir='ltr'><strong>llla</strong></span> 
     </span>
     <span class='ocr_line' id='line_1_34' title="bbox 197 3955 1226 4023; baseline 0.001 -17"><span class='ocrx_word' id='word_1_252' title='bbox 197 3956 276 4008; x_wconf 71' lang='lat' dir='ltr'><strong>ratde</strong></span> <span class='ocrx_word' id='word_1_253' title='bbox 293 3958 488 4021; x_wconf 75' lang='lat' dir='ltr'><strong>discrepantem</strong></span> <span class='ocrx_word' id='word_1_254' title='bbox 506 3958 550 4009; x_wconf 85' lang='lat' dir='ltr'><strong>diu</strong></span> <span class='ocrx_word' id='word_1_255' title='bbox 568 3959 674 4023; x_wconf 80' lang='lat' dir='ltr'><strong>lateque</strong></span> <span class='ocrx_word' id='word_1_256' title='bbox 691 3972 754 4011; x_wconf 85' lang='lat' dir='ltr'><strong>esse</strong></span> <span class='ocrx_word' id='word_1_257' title='bbox 772 3955 904 4009; x_wconf 75' lang='lat' dir='ltr'><strong>diffusam.</strong></span> <span class='ocrx_word' id='word_1_258' title='bbox 923 3956 1059 4008; x_wconf 73' lang='lat' dir='ltr'><strong>Deflnlunt</strong></span> <span class='ocrx_word' id='word_1_259' title='bbox 1074 3956 1143 4008; x_wconf 82' lang='lat' dir='ltr'><strong>enlm</strong></span> <span class='ocrx_word' id='word_1_260' title='bbox 1157 3969 1226 4009; x_wconf 82' lang='lat' dir='ltr'><strong>ena·</strong></span> 
     </span>
    </p>
   </div>
   <div class='ocr_carea' id='block_1_7' title="bbox 145 4149 805 4311">
    <p class='ocr_par' dir='ltr' id='par_1_7' title="bbox 145 4149 805 4311">
     <span class='ocr_line' id='line_1_35' title="bbox 146 4149 476 4217; baseline 0.009 -15"><span class='ocrx_word' id='word_1_261' title='bbox 146 4150 182 4217; x_wconf 90' lang='grc'><strong>1)</strong></span> <span class='ocrx_word' id='word_1_262' title='bbox 197 4149 256 4203; x_wconf 74' lang='lat' dir='ltr'><strong>&#39;Cle</strong></span> <span class='ocrx_word' id='word_1_263' title='bbox 274 4152 308 4203; x_wconf 83' lang='lat' dir='ltr'><strong>de</strong></span> <span class='ocrx_word' id='word_1_264' title='bbox 325 4153 372 4209; x_wconf 72' lang='lat' dir='ltr'><strong>tn.</strong></span> <span class='ocrx_word' id='word_1_265' title='bbox 389 4153 411 4204; x_wconf 89' lang='grc' dir='ltr'><strong>Ι.</strong></span> <span class='ocrx_word' id='word_1_266' title='bbox 431 4152 476 4205; x_wconf 82' lang='lat' dir='ltr'><strong>ta.</strong></span> 
     </span>
     <span class='ocr_line' id='line_1_36' title="bbox 145 4243 805 4311; baseline 0.005 -17"><span class='ocrx_word' id='word_1_267' title='bbox 145 4243 177 4310; x_wconf 77' lang='lat'><strong>8)</strong></span> <span class='ocrx_word' id='word_1_268' title='bbox 194 4245 253 4295; x_wconf 78' lang='lat' dir='ltr'><strong>littr.</strong></span> <span class='ocrx_word' id='word_1_269' title='bbox 271 4243 331 4296; x_wconf 79' lang='lat' dir='ltr'><strong>ille.</strong></span> <span class='ocrx_word' id='word_1_270' title='bbox 350 4247 370 4302; x_wconf 86' lang='lat' dir='ltr'><strong>l.</strong></span> <span class='ocrx_word' id='word_1_271' title='bbox 390 4244 423 4311; x_wconf 76' lang='lat'><strong>¹3</strong></span> <span class='ocrx_word' id='word_1_272' title='bbox 441 4247 473 4300; x_wconf 90' lang='lat'><strong>11.</strong></span> <span class='ocrx_word' id='word_1_273' title='bbox 493 4246 526 4309; x_wconf 75' lang='lat'><strong>⁷5</strong></span> <span class='ocrx_word' id='word_1_274' title='bbox 542 4248 575 4303; x_wconf 66' lang='lat' dir='ltr'><strong><em>L</em></strong></span> <span class='ocrx_word' id='word_1_275' title='bbox 594 4249 623 4301; x_wconf 73' lang='grc'><strong>9.</strong></span> <span class='ocrx_word' id='word_1_276' title='bbox 639 4253 669 4300; x_wconf 82' lang='lat' dir='ltr'><strong>et</strong></span> <span class='ocrx_word' id='word_1_277' title='bbox 685 4249 732 4301; x_wconf 79' lang='lat'><strong>10.</strong></span> <span class='ocrx_word' id='word_1_278' title='bbox 752 4255 805 4298; x_wconf 86' lang='lat' dir='ltr'><strong>ete.</strong></span> 
     </span>
    </p>
   </div>
   <div class='ocr_carea' id='block_1_8' title="bbox 0 0 1370 4816">
    <p class='ocr_par' dir='ltr' id='par_1_8' title="bbox 0 0 1370 4816">
     <span class='ocr_line' id='line_1_37' title="bbox 0 0 1370 4816; baseline 0 2"><span class='ocrx_word' id='word_1_279' title='bbox 0 0 1370 4816; x_wconf 95' lang='lat' dir='ltr'><strong> </strong></span> 
     </span>
    </p>
   </div>
  </div>
 </body>
</html>
