2730 4816
595 407 828 473 „104-

164 620 464 702 rerumpublicarum
487 641 607 705 genera
629 621 787 702 videntur,
809 612 981 705 ὀλιγαρχίαι
997 627 1029 681 et
1045 612 1274 703 δημοκρατίας

166 729 279 811 cisque
301 730 480 792 subiectum
503 749 581 793 esse
602 731 712 793 dicunt
739 737 857 792 statum
885 728 1080 810 optimatium
1108 735 1141 788 ct
1160 745 1272 808 popu-

167 837 274 898 iarem.
326 837 392 899 Sed
422 846 562 918 praestat
589 837 738 899 civitates
768 838 812 898 ita
841 835 998 915 dividere,
1030 843 1065 898 ut
1086 835 1270 917 perniciosa

166 963 251 1028 quse
271 944 465 1024 respondeat
487 945 625 1025 optimae
646 947 765 1026 (regrio
786 951 841 1005 aut
857 931 1108 1026 ἀριστοκρατίᾳ)
1129 942 1172 1003 sit
1198 928 1274 1002 ὀλι-

165 1043 285 1135 γαρχία
296 1095 307 1132 ,
339 1044 545 1135 δημοκρατία
568 1060 675 1115 autem
697 1053 874 1133 appelletur
894 1069 935 1113 ea
964 1069 1046 1132 quae
1068 1051 1115 1112 sit
1134 1050 1274 1129 imperio

168 1162 310 1245 populari
335 1163 491 1243 oppositu.
532 1163 656 1224 Deinde
675 1151 865 1246 ὀλιγαρχίας
885 1172 917 1224 et
935 1153 1162 1245 δημοκρατίας
1183 1159 1273 1223 defl-

167 1271 315 1332 uiticnem
344 1269 405 1331 ism
434 1272 464 1331 ic
488 1272 544 1332 ΙΙΙ.
565 1272 596 1334 8.
620 1272 815 1352 propositam
844 1271 972 1332 uberius
988 1269 1150 1350 explicat
1205 1269 1272 1330 His

167 1378 292 1461 quidem
308 1380 350 1442 ita
364 1380 535 1461 expositis,
550 1377 708 1442 accedere
724 1378 845 1441 adrem
869 1397 964 1460 qoam
985 1379 1046 1440 arbi
1068 1378 1271 1441 tractandum

168 1489 306 1568 sumpsit
335 1487 472 1548 noudum
501 1497 618 1569 potest.
661 1488 917 1549 Dinumeraudac
946 1495 1021 1550 aute
1046 1495 1122 1549 sunt
1149 1487 1274 1549 civita·

169 1597 245 1660 tium
269 1606 388 1680 partes,
412 1599 464 1681 qui
486 1607 560 1662 sunt
581 1599 755 1682 agricolae,
772 1597 918 1681 opifices,
935 1607 1139 1674 mercatores,
1153 1593 1274 1681 θῆτες,

171 1707 298 1786 milites,
323 1709 457 1789 copiosi,
480 1710 690 1792 magistratus
706 1697 853 1792 (τδττερλ
868 1695 929 1780 τοὶς
942 1693 1048 1790 ὀρχδς
1065 1702 1274 1791 λειτουργοῦν

167 1811 298 1899 μέρος),
321 1817 397 1878 iuris
421 1817 669 1897 disceptatores,
692 1817 816 1879 concilii
837 1818 918 1878 sccii
936 1805 992 1890 (τό
1005 1803 1273 1897 βουλευόμενοι).

168 1923 293 1987 Horum
323 1923 446 2006 quidem
479 1943 609 1986 munero
642 1924 672 1986 in
705 1943 799 1985 unum
832 1923 919 2005 plura
950 1925 1085 1988 conferri
1113 1932 1271 2007 possunt3

170 2032 288 2094 divites
310 2040 415 2094 autam
437 2041 473 2094 ut
495 2033 558 2094 sint
580 2032 681 2095 eidem
705 2040 737 2093 st
751 2048 926 2114 pauperes,
939 2029 1006 2093 fleri
1025 2048 1272 2115 nunquampc·

171 2146 244 2201 test.
294 2139 403 2216 Quare
423 2157 483 2202 ese
503 2140 595 2221 ipsae
622 2142 813 2221 praecipuae
839 2157 915 2202 csse
946 2138 1095 2204 ridentur
1126 2141 1272 2204 civitatis

171 2254 288 2329 partes,
305 2266 439 2330 eamque
453 2249 492 2310 cb
514 2266 643 2312 causam
667 2250 963 2331 rerumpublicarum
986 2249 1047 2311 duo
1068 2249 1273 2330 potissimum

174 2372 306 2437 genero,
329 2350 532 2441 δημοκρατία
553 2365 586 2419 et
608 2345 787 2441 ὀλιγαρχία.
831 2359 896 2421 Iam
915 2357 1089 2439 capiteb',
1111 2364 1189 2439 quct
1205 2357 1276 2420 sint

172 2454 391 2545 δημοκρατίαι
412 2472 443 2524 et
467 2451 666 2548 ὀλιγαρχίαι,
695 2466 863 2546 exponitur
891 2473 923 2526 et
952 2481 1016 2546 quc
1042 2462 1164 2525 ratione
1186 2463 1274 2527 inter

173 2584 210 2628 se
241 2567 398 2629 differant.
453 2569 535 2630 Sunt
568 2578 673 2631 cutem
707 2562 931 2654 δημοκρατίας
956 2569 1088 2650 ¹species
1121 2569 1273 2651 quinque,

172 2660 301 2759 quarum
326 2687 430 2740 tamen
453 2698 529 2762 unc,
562 2681 592 2741 in
616 2699 677 2762 qua
710 2701 771 2743 non
801 2681 892 2762 leges
920 2681 1096 2760 imperant,
1125 2677 1185 2739 scd
1214 2694 1276 2760 pst

172 2785 296 2864 piebem
319 2795 469 2865 geruntur
491 2789 607 2867 omnia,
631 2780 784 2849 πολιτεία
811 2797 860 2850 est
882 2805 945 2850 non
967 2804 1021 2868 re,
1053 2774 1112 2852 οιδ
1135 2787 1275 2848 numine.

171 2878 372 2975 Ὀλιγαρχίας
391 2910 470 2953 vero
491 2895 712 2973 suntspecies
734 2903 901 2974 quattuor,
923 2911 1055 2975 quarum
1077 2895 1108 2956 in
1130 2891 1276 2954 detent-

174 3018 257 3061 mam
280 3019 361 3082 quae
383 3020 460 3064 vera
479 3013 529 3065 est
551 3003 648 3064 tactio
671 2995 879 3077 (coracesia)
901 3002 984 3064 idem
1008 3001 1111 3078 cedit,
1132 2998 1217 3082 quoti
1233 2998 1276 3061 in

173 3108 267 3171 istam
292 3105 522 3196 δημοκρατίαν.
575 3112 721 3192 Denique
749 3110 863 3192 quibus
891 3111 997 3172 causis
1018 3110 1194 3192 quibusque
1216 3124 1277 3170 n·

176 3217 312 3280 tionibus
343 3218 414 3296 iiat,
448 3226 483 3279 ct
515 3217 663 3279 diversae
692 3221 832 3279 oriantur
862 3221 990 3298 species
1020 3205 1211 3298 ὀλιγαρχίας
1241 3226 1278 3280 ct

175 3318 405 3409 δημοκρατίας,
426 3325 611 3387 enucleatur
633 3326 738 3406 capite
761 3325 790 3386 V
794 3327 816 3388 Ι.

169 3599 303 3676 Ἔπειτα
322 3606 373 3686 τίς
391 3602 561 3700 κοινοτάτη
581 3609 637 3676 καί
656 3608 707 3686 τίς
730 3599 932 3697 αἱρετωτάτη
952 3600 1115 3698 μεταίτην
1135 3601 1280 3700 ἀρίστην

177 3716 355 3799 πολιτείαν,
370 3713 429 3784 κᾶν
447 3719 544 3797 εἴτις
564 3713 646 3808 ὀίλλη
660 3711 1092 3808 τετίχηκεκοίριοτοκρατική
1113 3717 1170 3783 καὶ
1180 3740 1280 3789 σακε·

177 3827 287 3894 οτῶοα
313 3828 428 3905 καλῶς·
455 3821 540 3895 ritib
566 3834 640 3906 ταῖς
662 3828 833 3907 πλείσταις
855 3821 1064 3918 ἁρμόττουσα
1085 3819 1281 3908 πόλεσι-τίς

506 3933 594 4015 ἐστιν
616 3943 703 4017 (Pob
726 3943 785 4006 tv.
806 3942 947 4018 7-11.).

667 4101 705 4169 '§.
728 4099 778 4159 59.

260 4215 434 4295 Postquam
458 4211 651 4278 Aristoteles
670 4213 833 4296 quotsict
852 4204 1120 4296 δημοκρατίαιιλ
1138 4198 1278 4297 ὀλιγαρ-

178 4315 247 4398 χίαι
269 4322 437 4403 exposuit,
474 4323 653 4404 speraverit
681 4320 836 4404 quispiam
869 4320 1004 4382 toreut
1037 4317 1172 4400 doceat,
1214 4338 1281 4384 esc
